3000 4859
458 756 944 836 SERENISSIMO

300 968 366 1087 D
415 970 475 1086 E
522 970 580 1085 L
623 971 683 1087 P
729 970 802 1087 H
848 970 887 1083 I
935 968 1008 1085 N
1054 970 1115 1086 Ο

501 1219 935 1335 nuoovch

358 1462 620 1541 LUDOVICI
663 1464 849 1541 MAGNI
891 1464 1053 1563 FILIO,

177 1677 420 1746 JULIANUS
446 1678 690 1747 FLORIDUS
713 1680 747 1747 J.
764 1680 810 1745 U.
824 1682 865 1746 L.
888 1680 999 1747 CAN.
1022 1679 1233 1747 CARNOT.

526 1924 890 1937 *a*

158 2120 293 2211 Srsrrr
321 2164 359 2207 se
383 2143 444 2209 tibi
468 2141 616 2217 taudem,
642 2142 905 2207 Soannrsernn
931 2142 1149 2223 Danuuius,
1178 2154 1256 2229 post

155 2264 267 2310 moras
290 2264 374 2310 sane
397 2264 497 2329 quam
519 2244 638 2325 longas
653 2242 823 2328 Apuleius
845 2252 969 2309 noster.
1013 2246 1085 2310 Sub
1107 2249 1173 2312 tuis
1195 2248 1253 2313 ille

155 2347 280 2411 dudum
296 2346 475 2429 auspiciis,
495 2348 596 2431 jussu
616 2346 765 2428 parentis
778 2344 1035 2429 angustissimi,
1058 2366 1148 2413 novo
1161 2349 1253 2414 cultu

153 2448 472 2533 adornaricoeptus,
501 2454 536 2512 et
560 2447 603 2511 ad
627 2447 826 2512 umbilicum
842 2448 1032 2532 perductos,
1055 2450 1167 2514 sinon
1181 2469 1253 2515 om-

152 2552 233 2615 nino
247 2558 399 2634 tempore
419 2547 540 2635 (quod,
564 2556 625 2613 tuo
649 2548 684 2611 in
707 2548 872 2613 discendo
887 2549 1059 2614 celeritate
1073 2552 1135 2615 vix
1150 2554 1252 2617 susti-

151 2658 249 2717 nente
265 2652 458 2717 docentium
473 2668 597 2729 moras,
622 2648 855 2714 difficillimum
875 2646 972 2732 erat),
999 2656 1088 2715 certe
1111 2671 1178 2717 non
1200 2655 1251 2717 in·

151 2740 352 2837 tempestive
375 2770 516 2837 prorsus
538 2752 577 2815 in
594 2770 715 2815 manus
738 2744 889 2816 venisset
910 2758 1002 2830 tuos,
1023 2752 1102 2831 nisi,
1123 2764 1252 2836 quaeat

150 2856 226 2920 aliis
240 2874 308 2921 non
322 2856 456 2939 paucis,
477 2854 555 2919 huic
572 2872 707 2937 quoque
720 2854 868 2935 maligna
880 2852 953 2919 fata
966 2854 1076 2920 lucem
1091 2856 1151 2919 diu
1165 2856 1250 2922 invi·

150 2955 289 3021 dissent.
326 2956 438 3035 Unde,
452 2972 530 3020 cum
545 2975 583 3019 se
594 2955 667 3038 jam
681 2954 783 3019 nimis
796 2972 918 3031 serum,
933 2960 967 3019 et
981 2956 1044 3020 tibi
1058 2958 1159 3038 plane
1173 2958 1250 3021 iuu-

150 3057 244 3123 iilem
259 3065 418 3135 comeret,
432 3057 604 3142 perpetuis
619 3056 743 3140 quibus
759 3072 836 3118 euru
851 3054 1085 3120 damnaveram
1101 3058 1248 3122 tenebris

149 3158 256 3240 premi
279 3178 317 3222 se
338 3158 432 3223 haud
458 3156 638 3222 admodum
663 3156 789 3221 inritus
815 3155 1019 3238 patiebatur.
1063 3157 1144 3235 Sed,
1166 3163 1249 3225 uota

149 3259 212 3323 tibi
226 3278 246 3323 e
260 3258 471 3323 faustissime
486 3258 654 3323 connubio
667 3258 754 3321 trina
767 3256 875 3339 prole,
888 3257 945 3320 cui
959 3257 1001 3322 ad
1017 3256 1135 3339 dignos
1149 3258 1248 3325 Prin-

147 3360 285 3445 cipibus
297 3358 392 3425 Viris
418 3365 507 3425 artes
529 3378 590 3444 per
614 3359 759 3441 vestigia
781 3366 842 3423 tua
868 3358 1074 3423 sternendum
1098 3361 1162 3425 erit
1184 3362 1248 3426 iter

149 3461 360 3547 propediem,
390 3462 556 3528 contineri
580 3454 707 3527 diutius
732 3478 797 3524 non
820 3460 933 3543 potuit
959 3461 1041 3542 quin
1067 3480 1087 3523 e
1112 3461 1249 3527 scriniis·

147 3566 231 3629 meis
246 3570 443 3649 erumperet,
456 3569 547 3629 ratus
563 3563 627 3628 sibi
643 3580 777 3646 quoque
791 3560 825 3625 in
836 3558 957 3643 Regiis
969 3561 1083 3643 pueris
1093 3562 1247 3628 crudien-

149 3665 214 3731 dis.
225 3672 342 3749 partee
357 3666 503 3748 aliquas,
526 3672 562 3728 et
584 3669 811 3747 opportunam
826 3662 881 3725 sui
894 3663 1026 3745 meique
1039 3682 1120 3745 erga
1132 3670 1168 3728 te
1183 3666 1245 3729 ob·

150 3768 260 3850 nequii
282 3764 496 3832 contestandi
514 3766 727 3829 occasionem
742 3764 911 3845 obtingere
925 3764 1106 3848 aliquando
1131 3784 1244 3848 posse

148 3867 227 3933 Hac
240 3886 317 3932 eum
331 3886 393 3952 spe
407 3868 571 3933 volentem
587 3866 704 3932 emitto
716 3865 846 3930 lubens.
889 3864 977 3944 Quis
991 3867 1080 3931 enim
1092 3866 1146 3930 rel
1160 3866 1244 3931 leri-

149 3976 199 4034 ter
213 3965 278 4035 tibi
291 3970 476 4053 placuisse,
487 3976 523 4033 et
532 3968 700 4033 tantillum
710 3965 877 4049 profuisse
887 3968 955 4031 tuis
965 3986 1031 4032 nou
1042 3972 1116 4031 toto
1132 3968 1245 4032 animo

149 4078 298 4156 exoptet,
321 4090 363 4137 ac
388 4090 527 4136 summm
547 4069 690 4134 fortunae
710 4067 814 4132 ducat
827 4067 915 4145 loco,
938 4087 1016 4132 cum
1032 4088 1070 4131 se
1084 4068 1172 4131 sciat
1185 4088 1245 4133 ea·

150 4172 222 4237 deur
238 4190 342 4257 opera
356 4173 421 4237 toti
435 4173 508 4236 orbi
523 4168 715 4235 Christiano
739 4168 973 4250 profuturum?
1019 4169 1099 4233 Huc
1112 4169 1241 4253 quippe

213 4290 334 4354 ΜΡΝ
350 4288 408 4341 Vor.
419 4292 485 4339 clm.
660 4287 729 4349 apoc
1151 4283 1176 4333 A
1248 4360 1258 4377 ·
