3000 4859
419 351 777 401 riannnonrnosaon
804 353 875 400 uin.
900 354 966 400 vn.
1181 340 1246 405 44⁷

153 494 192 558 ud
214 494 302 558 buno
325 495 421 560 evasi
435 494 581 558 modum·
627 493 745 560 Sumta
766 503 860 562 veste
881 494 1034 560 muliebri
1056 494 1188 572 dorida,
1211 499 1247 561 iu

153 597 243 668 sinus
258 595 418 662 flaccidos
431 595 647 674 ιιίιιιιιιΙιιιιῑο,ς
659 605 671 632 ¹
686 594 895 680 mitellaquat
906 596 1015 662 textili
1030 604 1182 662 eonteoto
1191 617 1248 662 ca·

152 697 227 781 pite,
243 699 370 763 culoeis
384 697 550 764 soemineis
561 698 677 762 tolbis
691 697 762 763 sslis
772 707 806 746 ⁵²
824 709 859 763 et
882 700 1039 764 tenuibus
1064 698 1248 774 inductus,⁶

152 809 182 863 et
196 800 230 864 in
246 800 433 883 sequiorem
447 808 579 864 sexum·
592 798 771 864 insertus⁷b
784 807 884 884 elque
894 801 1126 878 absconditus,
1140 799 1248 864 asello

150 997 222 1068 poclm
256 992 309 1056 Ego
319 994 401 1067 induto
412 993 547 1068 oeuirpeaio
552 992 665 1051 sutrino
673 993 779 1054 pultium,
789 998 812 1042 et
820 991 965 1069 effluentem
976 993 1043 1041 loxos
1052 993 1127 1054 ἀιιιι,
1134 998 1249 1068 αρσια

150 1062 223 1118 copule
231 1071 305 1119 porea
321 1061 393 1105 mum
403 1058 493 1118 testati,
503 1058 618 1105 edicentes
627 1057 711 1105 colem
721 1057 770 1106 dlis
783 1056 934 1106 muliebribus
944 1058 1051 1106 candidu
1061 1063 1086 1105 et
1097 1055 1215 1112 ιηιιιὸιιι,
1224 1063 1249 1105 et

151 1123 211 1172 velat
221 1121 376 1184 implentum
390 1122 462 1170 alleri
477 1121 555 1185 sexui,
571 1126 641 1184 utque
651 1122 745 1170 abditus
754 1121 799 1171 aab
807 1137 843 1186 eo,
854 1122 918 1172 etati
926 1136 971 1185 per
980 1122 1057 1170 media
1065 1121 1163 1183 αςιιὶιιιι
1173 1120 1249 1179 ἐψη-

606 1263 792 1284 00Μοοθ

153 1361 280 1412 Emediis.
308 1360 480 1412 Flenmediis.
508 1359 598 1411 inira:
615 1361 732 1413 ‘Mediis
749 1362 816 1414 Orci
835 1361 951 1412 faucibus
970 1359 1123 1413 extractus!
1138 1362 1248 1412 unm.

152 1429 257 1478 Fruatrt
267 1433 294 1476 et
305 1432 396 1476 contra
404 1427 470 1476 Mna.
481 1424 517 1475 0.
533 1427 742 1490 propositionem
754 1428 888 1478 einaeroit
905 1427 981 1478 Vale.
992 1427 1042 1477 Ed.
1053 1441 1107 1476 see.
1118 1440 1194 1492 quam
1212 1436 1251 1476 te·

151 1505 220 1542 mere
230 1497 291 1541 tunt
301 1491 384 1541 aecuti
396 1490 514 1540 Elmenb.
525 1491 608 1540 serit.
621 1492 692 1544 Flet.
711 1493 825 1542 ond-e
842 1492 874 1542 br
884 1507 903 1541 s.
907 1493 1024 1556 fioaeidos
1033 1491 1073 1542 ab.
1090 1490 1249 1554 Pionjiocei·

151 1557 199 1605 dos.
230 1553 290 1606 ΑΜ.
309 1553 374 1614 sus.
391 1555 465 1604 alium
484 1557 563 1604 dorla.
594 1555 675 1606 Male.
696 1557 856 1606 Elaeam-⁴
874 1556 1022 1606 femininis.
1039 1557 1105 1605 Fon.
1119 1553 1250 1613 femineis.

151 1618 272 1670 Residui.
305 1619 439 1670 Feminis.
472 1619 718 1682 Vulgo,soemiuiaie.
734 1621 899 1670 ermom-o
920 1619 1251 1671 lliisoibitPal.Guiielm.

149 1685 207 1734 albis
227 1683 299 1734 villis.
317 1683 438 1734 oud—b
454 1683 565 1732 Indum.
585 1682 787 1734 oxonium
815 1685 878 1734 Par.
897 1685 1007 1734 induciie.
1025 1681 1117 1734 Gueli.
1139 1684 1251 1734 indutiis.

150 1747 278 1798 D’Orvill.
295 1747 413 1798 inductas.
446 1746 522 1800 Quod
541 1755 568 1797 et
586 1748 625 1796 vir
643 1747 735 1797 doctus
747 1749 789 1797 bie
800 1749 833 1797 ad
845 1763 926 1812 marg.
938 1747 1035 1807 illevit,
1046 1748 1076 1797 F.
1088 1748 1153 1798 Toll.
1172 1749 1251 1800 Vere.

150 1811 217 1862 vide
229 1811 261 1862 ad
273 1812 291 1861 l.
302 1825 335 1861 ιι.
347 1827 373 1875 p.
382 1814 423 1862 8⁹.
446 1811 455 1839 ⁴
465 1811 560 1861 Rasaie
572 1810 726 1862 inductum.'
743 1812 892 1863 Clarissima
902 1819 977 1876 patet
987 1826 1002 1860 e
1013 1812 1085 1862 Flor.
1096 1812 1130 1862 N.
1139 1816 1166 1862 ll.
1190 1812 1251 1862 ‘in-

150 1876 280 1938 dumenta‚
291 1876 383 1941 quibua
400 1874 517 1938 indutus,
534 1883 563 1926 et
582 1877 763 1938 calciamenta,
779 1877 872 1942 quibua
884 1884 941 1926 erat
952 1875 1094 1926 inductus:
1115 1875 1202 1926 nt-n
1221 1877 1253 1927 In

150 1939 1253 2069 aarummuurimluumm·

151 2072 228 2132 mum,
239 2066 439 2120 veste'induturn
450 2069 580 2132 muliebri,
589 2071 661 2119 asino
672 2069 837 2132 insidentem,
845 2069 1024 2133 indagatorum
1034 2083 1124 2119 manua
1137 2072 1251 2120 evasisse

150 2135 168 2186 li
189 2134 249 2185 nido
259 2139 371 2188 conatae
404 2134 447 2183 De
465 2141 556 2184 cetero
573 2135 678 2198 elegant
689 2143 717 2184 et
728 2135 792 2184 trite
802 2134 846 2185 illa
856 2135 1034 2198 metaphorae
1051 2132 1165 2184 terendis
1179 2135 1253 2184 arbo-

151 2151 222 2249 ribus
232 2205 319 2249 sumta
335 2201 375 2248 vel
394 2196 473 2248 latuit
487 2198 665 2311 deacrigtorea
680 2198 820 2257 librorum
837 2200 879 2248 vel
896 2200 983 2248 multis
999 2198 1042 2264 (nt
1058 2196 1139 2263 solet)
1156 2197 1188 2246 de
1207 2214 1253 2248 ota

152 2265 226 2314 nniut
245 2261 437 2326 excipientibus
465 2261 570 2313 similitu
589 2263 632 2312 ine
660 2263 716 2313 toni
740 2278 789 2313 vox
811 2263 858 2312 illa
878 2262 912 2313 ab
932 2278 983 2313 uuo
1004 2265 1089 2328 aliquo
1109 2263 1253 2327 depravate

153 2327 287 2391 descripta
303 2333 351 2376 eet.
384 2326 474 2376 Senam
488 2340 550 2376 vero
561 2328 688 2391 sequiorem
698 2326 851 2377 muliebrem
862 2335 949 2390 vocat,
961 2327 1155 2392 comparatione
1166 2329 1254 2378 virilis.

152 2392 257 2443 Pariter
267 2399 295 2442 et
306 2391 323 2440 b
335 2403 364 2440 x.
385 2391 431 2441 ‘Si
443 2405 520 2440 nexus
531 2391 656 2456 aequioris
667 2391 793 2442 edidisset
801 2389 889 2454 intua,
901 2393 1028 2457 pretinm,
1038 2393 1106 2457 quod
1118 2401 1187 2442 estet
1199 2391 1253 2442 edi·

155 2465 219 2514 tnm.
237 2453 394 2506 necaretur)
424 2455 521 2505 Similis
540 2455 643 2506 omnino
654 2455 758 2520 pbrasia
773 2454 800 2505 in
813 2457 857 2506 illo
868 2456 886 2507 1.
905 2471 967 2507 ιιιι.
988 2457 1111 2507 ‘Placuit
1126 2457 1254 2508 ¹l'lrmsilio

153 2525 257 2572 sclrema
267 2516 385 2570 feralium
397 2521 557 2583 nuptiarum,
569 2533 617 2571 neo
630 2521 735 2586 aequius
747 2521 843 2585 aliquid
862 2520 1026 2586 auspicatus!
1058 2521 1134 2572 Quod
1146 2535 1209 2570 tero
1220 2522 1254 2570 ed

151 2600 241 2636 texum
261 2585 413 2635 muliebrem
432 2585 538 2646 attinet,
554 2585 633 2635 etiam
649 2586 675 2634 in
687 2585 847 2650 multtajoria
858 2586 941 2636 noatri
953 2584 1072 2635 articulis
1091 2584 1254 2637 ioeminarnm

153 2651 326 2702 conditionem
338 2648 492 2699 deteriorem
502 2663 650 2715 enumquam
660 2651 844 2712 masculorum,
860 2650 893 2700 ab
904 2650 982 2701 Hom,
1001 2649 1034 2700 ab
1047 2649 1127 2698 Ariat.
1144 2662 1162 2699 ι.
1184 2648 1254 2699 Poli-

153 2715 199 2766 tlo.
210 2723 238 2765 et
249 2729 266 2764 t
277 2714 369 2779 Papio.
383 2713 506 2764 doeemur
516 2715 535 2764 l.
548 2714 574 2762 in
585 2715 671 2764 multia
681 2713 709 2766 ff.
720 2715 755 2764 de
766 2722 836 2764 statu
847 2715 985 2766 bominum.
1018 2713 1103 2778 idque
1114 2714 1140 2762 in
1152 2728 1256 2763 anecet-

152 2779 266 2834 alonium
279 2780 396 2830 obtinere
408 2786 520 2829 testatur
538 2779 580 2828 lex
591 2779 707 2829 Voconia
719 2778 790 2842 apud
801 2779 912 2828 Paulum
923 2780 950 2832 J.
962 2781 992 2830 C.
1003 2779 1029 2828 in
1046 2778 1118 2828 libris
1129 2779 1256 2828 tententi-

153 2859 233 2895 arum.
264 2843 359 2894 Itidem
377 2843 518 2895 Justinisnl
535 2843 696 2906 constitutio,
714 2857 774 2908 qun
794 2849 835 2894 eat
851 2843 869 2894 l.
886 2844 1030 2908 penultima
1041 2843 1072 2893 C.
1084 2843 1117 2892 de
1128 2843 1253 2906 legitimis

151 2907 305 2960 heredibus.
338 2907 497 2972 Quinimmo,
506 2915 536 2958 nt
546 2906 737 2972 diligentissimi
749 2909 817 2959 inter
827 2909 939 2959 Veteres
952 2909 1131 2970 observarunt,
1139 2922 1190 2957 non
1201 2923 1255 2958 mo·

153 2973 188 3023 do
198 2975 225 3024 in
235 2971 391 3033 bominibus,
402 2971 448 3020 sed
460 2973 487 3021 in
499 2973 627 3034 omnibus,
638 2987 698 3037 qum
710 2981 781 3023 terra
792 2973 885 3036 gignit,
902 2973 1003 3037 beatiit,
1014 2971 1159 3032 arboribus,
1169 2972 1256 3023 berbin

154 3037 311 3088 manentiam
320 3051 397 3085 sexui
410 3035 498 3101 utique
510 3038 675 3100 praeatsntior
686 3051 716 3086 ae
727 3035 820 3087 fortior
830 3037 946 3099 babitus,
955 3037 1074 3100 exceptio
1085 3037 1215 3100 pantheria
1228 3045 1256 3086 et

154 3103 230 3151 ursii.
249 3099 364 3150 stenem
397 3099 485 3163 litteo.
497 3115 517 3149 s.
525 3099 635 3151 insertas.
666 3102 774 3163 vulgati
786 3106 815 3150 et
825 3101 900 3150 nutv.
911 3101 995 3151 codex
1003 3101 1093 3164 legunt
1103 3101 1216 3159 murias,
1228 3101 1255 3149 id

153 3173 205 3230 eat,
217 3165 311 3226 ὅῦηλοι.
331 3163 426 3228 Sciopp.
437 3165 463 3214 t'tt
474 3163 556 3230 Syme.
591 3165 659 3217 Ιοι.
672 3165 747 3215 nutv.
760 3163 939 3216 commater
954 3165 1166 3216 Remitterem:
1183 3164 1253 3229 quod

653 3321 765 3375 NOTAE

187 3441 246 3491 'le
265 3439 332 3492 tinas
344 3439 462 3506 fluendo·
475 3437 617 3502 mudule]
634 3437 684 3489 Be·
725 3436 759 3487 ad
768 3435 949 3486 involvendum
961 3433 1093 3485 brachium
1102 3431 1224 3482 irnmnm.

152 3516 269 3582 roaldus,
286 3519 398 3568 mdmta.
432 3515 504 3566 Nibil
523 3515 684 3566 mutandum.
756 3523 768 3547 ¹
793 3513 884 3562 Caleeis
899 3511 1022 3574 femineis
1043 3509 1103 3560 albis
1123 3510 1183 3572 iliis,
1205 3511 1259 3574 ie]

159 3593 236 3644 Vestio
250 3593 371 3644 eludens
384 3594 411 3643 in
425 3593 553 3656 sinerent,
565 3591 686 3642 luioret
725 3590 802 3640 'l'tiee
812 3588 1017 3654 erantsieyonii,
1025 3586 1257 3652 dequibuscicero

154 3665 234 3721 fluxa.
727 3665 771 3716 lib.
789 3679 810 3715 ι.
828 3665 862 3716 de
878 3663 1007 3714 Oratore:
1022 3662 1089 3724 ‘uu
1102 3662 1122 3711 ai
1134 3661 1193 3710 mibi
1204 3662 1258 3718 eal·

189 3745 366 3812 inflictaque]
378 3745 569 3796 Diminntivnm
588 3759 603 3794 a
623 3744 687 3795 ‘mi·
726 3739 1142 3806 teossiayonioasttnllasee,non
1160 3745 1259 3797 uterer,

153 3820 282 3888 tra'qaa
294 3821 345 3872 fuit
362 3827 538 3887 tegumentum
553 3819 686 3871 muliebria
728 3820 844 3886 quamvis
865 3823 952 3868 esunt
972 3815 1081 3878 habiles,
1101 3821 1129 3863 et
1150 3813 1207 3877 apti
1224 3811 1257 3862 ad

154 3898 261 3962 capitit,
278 3913 323 3948 ten
340 3898 426 3963 potina
442 3897 529 3956 uenia,
541 3911 593 3959 qntt
608 3902 687 3960 caput
727 3895 831 3962 pedem,
842 3895 901 3961 qttia
911 3908 963 3943 non
975 3898 1062 3943 meent
1072 3888 1179 3940 viriles!

154 3971 297 4035 cingebant
305 3972 431 4022 mulieres.
464 3971 685 4035 Virgilincopa:
759 3978 771 4005 ⁸
787 3970 819 4020 ln
833 3970 963 4032 sequiorem
971 3965 1066 4030 mam]
1082 3964 1255 4015 Foeminenm:

155 4049 250 4112 ‘Copt
264 4048 369 4114 Syrium
387 4045 688 4112 oapntGraieredimitu
727 4046 773 4113 qui
803 4041 939 4109 ‘tegulum'
965 4041 992 4092 id
1016 4048 1068 4105 eat,
1090 4041 1156 4091 allon
1181 4048 1224 4090 eat
1242 4055 1259 4090 a

155 4124 275 4175 mitella!
292 4125 397 4179 uuiaet
407 4123 550 4188 proqnaria
560 4121 688 4173 fasciam-
727 4120 805 4172 virili.

154 4201 246 4260 mitur,
266 4209 296 4252 ut
315 4201 385 4266 apud
404 4201 518 4264 celsum,
538 4213 586 4265 pro
606 4197 689 4251 iestis
760 4198 773 4232 l
789 4193 908 4260 lamet]
925 4192 1038 4249 Quidam
1047 4195 1138 4258 legunt
1147 4193 1260 4255 mentes,
