3000 4859
219 348 286 417 190
692 362 848 418 neuneu

218 507 331 573 inlusa
354 524 452 593 aqua,
479 507 643 593 populum
671 508 722 575 sic
745 509 886 575 adorutt
911 508 1031 596 Neque
1054 527 1160 597 purte
1181 530 1249 593 res,
1274 520 1312 581 at

218 610 389 692 praecipue
414 629 536 692 pacem
561 612 711 677 civitatis
735 619 866 677 cunctae
882 615 1080 695 respiciens,
1095 619 1130 680 et
1151 616 1312 700 exemplo

220 711 310 775 serio
339 710 511 794 profutura
537 717 710 790 tractatur,
736 712 903 791 Quirites*
931 715 1159 781 sanctissimi:
1181 716 1309 799 qnare⁸

218 812 326 893 magis
349 814 500 894 congruit
525 814 640 878 sedulo
655 815 806 897 singulos
827 822 926 899 atque
942 816 1116 883 universos
1135 827 1225 884 uos⁹
1247 834 1310 901 pro

220 912 383 995 dignitate
399 914 535 997 publice
550 915 734 999 providere,
749 935 793 979 ue
808 916 953 981 nefarius
974 918 1140 983 homicida
1163 926 1216 983 tot
1239 918 1312 1003 [45]

220 1015 382 1080 caedium¹
398 1015 577 1091 lanienam,
592 1034 694 1100 quam
704 1021 877 1080 cruenter²
892 1018 1056 1094 exercuit,
1072 1019 1203 1101 impune
1219 1039 1313 1083 com·

218 1116 357 1181 miserit.
386 1115 461 1181 Nec
474 1136 527 1180 me
539 1118 676 1199 putetis,
692 1116 834 1201 privetis
845 1118 1074 1183 simultatibus
1084 1119 1307 1199 instinctum,³

218 1218 298 1282 odio
322 1219 459 1301 proprio
489 1218 618 1284 sevire.
662 1219 742 1283 Sum
772 1238 914 1302 namque
943 1226 1114 1285 nocturnae
1142 1222 1310 1288 custodies

219 1321 400 1404 praefectus
413 1328 472 1385 :4¹¹
494 1340 556 1385 nec
579 1322 615 1385 in
628 1322 844 1386 hodiemum⁵
860 1323 957 1386 credo
980 1320 1189 1407 quenquum⁶
1203 1324 1312 1405 perri·

219 1423 320 1504 gilem
346 1422 549 1505 diligentiam
577 1442 686 1487 meam
722 1423 859 1505 culpare
888 1442 998 1506 posse.
1057 1424 1144 1489 Rem
1171 1424 1313 1509 deniqne

219 1525 341 1607 ipsam,
356 1530 392 1587 et
407 1542 483 1607 quae
497 1528 597 1589 nocte
607 1529 797 1607 gestusuut,
809 1543 884 1590 cum
895 1526 959 1591 lide
974 1525 1166 1609 proferam.⁷
1209 1525 1312 1605 Num,
1332 1614 1338 1625 .

214 1718 325 1779 populum
335 1718 378 1767 tre
387 1720 469 1769 modo:
486 1718 535 1771 lies
546 1718 627 1781 egitur
644 1732 691 1769 tros
702 1718 760 1767 leuis
777 1718 895 1780 momenti,
906 1719 976 1768 Ciues
990 1718 1127 1783 capsim,
1136 1724 1178 1771 sed
1191 1722 1312 1785 pertineas

216 1782 242 1829 ie
252 1782 336 1845 prioris
353 1784 384 1831 nd
401 1784 599 1849 tranquillitatem
610 1784 683 1832 toties
702 1782 772 1841 teies
780 1784 855 1845 eriis,
866 1788 890 1831 et
903 1784 972 1832 stilis
983 1786 1071 1842 fetere
1087 1787 1174 1835 ceteris
1188 1788 1231 1837 loe
1239 1787 1311 1847 cruri

216 1847 328 1907 exempto.
363 1847 510 1911 Quapropter
525 1848 767 1897 mumientissireurs
781 1852 817 1896 est
832 1862 872 1896 nes
890 1861 968 1896 onem
978 1854 1003 1897 et
1012 1864 1194 1915 uumquemque
1208 1856 1310 1900 wstrsnr

214 1924 258 1972 pro
268 1911 353 1960 terme
364 1910 433 1969 luins
448 1911 552 1961 urinis
567 1914 625 1961 dure
639 1926 742 1974 operere,
752 1926 781 1959 ιιι
797 1911 837 1961 tie
854 1912 981 1962 seeierntss
990 1912 1084 1976 irnpsse
1092 1915 1224 1976 putrererit
1236 1916 1310 1963 torsi-

215 1973 303 2022 sidium
314 1974 455 2033 tricinium,
465 1978 526 2037 quod
534 1976 649 2025 emuniuit
659 1976 717 2023 odeo
727 1976 861 2025 credeliter.
894 1975 977 2038 Neque
987 1978 1127 2027 ιείιιίιιιιὶι
1136 1993 1174 2027 ese
1183 1979 1308 2041 impulsum

216 2036 383 2100 effensiorritus
391 2040 493 2100 privetis
508 2040 620 2089 inseetmi
630 2054 681 2089 eser
697 2038 803 2088 metius
818 2038 946 2089 inimicitie
962 2043 1068 2103 propris.
1101 2042 1160 2091 Sere
1169 2043 1233 2092 errius
1246 2057 1310 2105 prte-

209 2102 289 2160 sectus
299 2102 404 2152 excutite
422 2104 514 2152 metis:
531 2118 604 2169 seque
622 2104 727 2151 arbitror
744 2105 849 2153 adsim
864 2119 939 2152 meses
953 2105 1103 2166 mgiinrtiens
1117 2107 1227 2156 trenes
1242 2120 1311 2169 porse

215 2166 353 2230 reprehendi
362 2167 392 2215 ni
401 2166 447 2216 ulto
457 2167 556 2217 terniue.
592 2169 702 2217 Ceterum
713 2168 923 2233 emniofidsiiter
932 2182 982 2219 ress
990 2170 1074 2233 ipsnrs,
1082 2176 1105 2220 et
1115 2185 1166 2235 pse
1174 2176 1312 2237 perpetratu

676 2323 858 2345 m

308 2460 315 2475 .
333 2424 453 2475 oud-⁹
469 2427 501 2475 Α.
511 2441 534 2476 ιι
545 2441 569 2475 s.
589 2426 623 2475 Et
634 2426 698 2475 Fux.
719 2426 770 2475 Nos
781 2425 882 2477 Bertin.
901 2425 987 2475 te.-r
1005 2425 1160 2475 Beroeldum
1172 2428 1310 2490 sequimur.

215 2440 319 2553 mu
330 2490 419 2551 lectio,
427 2496 454 2539 et
466 2490 572 2553 vulgatu
581 2497 665 2553 vetus,
674 2496 748 2540 totnnr
758 2493 854 2540 edim.
889 2490 929 2539 Ex
940 2504 991 2553 quo
999 2488 1060 2550 fnit,
1072 2504 1130 2540 curu
1142 2491 1263 2554 legerem,
1273 2498 1309 2543 tot

208 2552 263 2611 insu
281 2555 388 2603 redium.
415 2553 527 2604 Celsius.
571 2554 650 2617 nege,
671 2557 707 2603 tot
728 2554 823 2604 ciuisse
840 2554 991 2603 Worrerius.
1030 2555 1103 2604 Rom.
1120 2560 1195 2606 tetum
1214 2556 1308 2605 adine.

216 2616 288 2681 Lege
300 2632 358 2666 cum
371 2618 486 2668 Grutero
497 2616 527 2682 (l.
539 2631 578 2667 vr.
590 2619 666 2681 susp.
679 2632 703 2667 c.
714 2618 754 2678 6.)
770 2624 805 2668 tot
815 2618 910 2667 cicim.
922 2619 1089 2667 Elsuenlr.—2
1106 2619 1181 2668 Bert.
1191 2625 1308 2669 emerus.

214 2679 256 2731 tt.
289 2683 349 2733 Non
361 2683 435 2738 ursle,
444 2682 465 2729 si
477 2683 563 2745 plures
575 2682 723 2731 addicerent
735 2682 818 2732 Codd.
830 2684 925 2747 dequo
937 2682 1007 2732 alibi.
1027 2684 1138 2730 Ouid—³
1155 2683 1255 2733 Bertiu.
1271 2686 1311 2732 is·

214 2750 336 2795 eruerem
352 2745 471 2795 Elurenlr.
504 2744 585 2793 Solita
603 2746 778 2809 corruptione.
804 2746 873 2794 Vide
892 2745 925 2794 ud
943 2746 1165 2796 Sinistrum.
1192 2751 1310 2799 zulte.

214 2807 289 2857 luftu
301 2810 317 2859 Ι.
330 2823 393 2859 rru.
410 2824 436 2871 p.
458 2811 513 2857 tou.
531 2808 796 2871 ‘Dolorepellicntus
813 2810 961 2861 instinctus'
978 2810 1022 2859 ubi
1042 2812 1123 2886 ptura.
1155 2811 1222 2863 ‘l'uut
1234 2812 1311 2877 ,osee

216 2872 282 2919 Fux.
300 2874 412 2921 ond-t
430 2870 876 2937 Inseritl'ux.c.custospr.'1d.—n
895 2876 962 2925 Fun.
981 2889 1024 2923 nee
1041 2889 1067 2922 ur
1084 2874 1221 2924 ememus·
1238 2876 1309 2929 diem.

215 2932 309 2983 Rould.
341 2936 364 2983 E
375 2936 468 2995 glossa.
494 2934 562 2984 Vide
573 2936 605 2984 ed
617 2937 635 2987 l.
647 2951 668 2985 r.
679 2952 739 3000 ρης.
758 2942 798 2988 ts.
814 2938 922 3001 Septim.
933 2937 965 2987 de
978 2938 1009 2987 B.
1019 2938 1087 3002 Troj.
1097 2952 1140 2987 ιιι.
1151 2942 1193 2989 2⁶.
1210 2940 1218 2966 ⁴
1230 2938 1309 2989 Hele·

214 3012 273 3047 usur
285 2999 310 3046 ln
321 2997 472 3048 hodiemnru
484 2999 644 3049 retinendum
657 3001 757 3064 putetis
766 3002 785 3050 ι’
816 3000 866 3051 Sed
879 3002 905 3050 in
924 3016 980 3051 mes
996 3002 1135 3051 ccllrtiuue
1146 3016 1196 3052 non
1207 3017 1311 3065 comps·

215 3069 256 3111 ret
267 3062 338 3111 diem.
350 3060 470 3112 oud—ti
487 3062 587 3113 D'Orr.
597 3064 662 3114 Fux.
674 3067 812 3129 quempiam,
823 3074 851 3115 et
862 3066 928 3129 Reg.
940 3068 1005 3116 Pon.
1017 3066 1146 3128 iucutpm,
1155 3067 1222 3116 hsud
1234 3068 1309 3116 mele.

213 3127 282 3176 Dein
292 3132 359 3175 noete
369 3128 458 3176 exulat
470 3142 486 3176 e
497 3126 587 3178 Guelf.
605 3142 656 3178 sec.
673 3130 761 3179 Iri-t
780 3131 893 3181 veteres
904 3130 1004 3190 excusi,
1019 3130 1145 3213 perfecere.
1178 3131 1232 3179 Per
1248 3131 1309 3181 lrutc

213 3190 261 3240 lib.
283 3203 305 3239 ι.
322 3192 389 3240 cote.
424 3192 497 3241 Bert.
513 3180 587 3243 Pith.
608 3192 736 3254 perferam,
757 3195 835 3244 mule.
852 3194 960 3243 Eimei.
993 3193 1090 3245 DOrr.
1108 3194 1309 3257 Guelferbytsui

214 3268 316 3319 quoque
325 3254 517 3319 persernrrs,ecil.
529 3255 561 3304 ud
574 3270 658 3307 sures.
690 3258 741 3307 Sed
752 3260 872 3321 preferens
883 3257 975 3323 reliqui
985 3272 1042 3309 cum
1061 3258 1112 3310 ud.
1129 3259 1191 3311 urs.
1201 3274 1242 3323 pr.
1254 3274 1308 3309 ιιι.

706 3400 816 3453 NOTAE

244 3508 389 3574 ⁸Quirites]
412 3510 486 3559 More
509 3510 625 3559 Romano
650 3510 741 3574 Hypa·
782 3509 1011 3575 comprehendere,
1030 3510 1158 3561 incendiis
1180 3518 1307 3575 prutetes

145 3586 152 3597 '
213 3588 277 3631 tene
292 3583 361 3633 cirea
373 3584 547 3647 elloqueutem
557 3584 658 3635 inducit
666 3600 741 3634 uccu·
781 3587 914 3635 nocturnis
930 3600 1006 3651 npetu
1022 3585 1100 3637 ferre.
1132 3586 1169 3635 Hl
1187 3586 1307 3636 ridentur

212 3664 320 3707 sutorem
333 3658 413 3721 illurn,
430 3660 474 3723 qui
484 3674 555 3709 more
572 3660 667 3710 Graeco
684 3660 740 3709 dix·
781 3660 947 3725 ediecipline
961 3664 1087 3711 cestrensi
1107 3663 1231 3725 originem
1243 3663 1306 3711 dux·

197 3746 200 3751 '
212 3735 289 3783 isset:
299 3732 334 3784 'n
344 3734 423 3799 tripes
436 3735 564 3785 brrrnrninr.
781 3736 840 3786 isse.
873 3736 1044 3801 Elipebsutur
1055 3738 1121 3787 euim
1133 3740 1160 3787 iu
1171 3740 1262 3788 cestris
1273 3750 1307 3789 en

245 3810 396 3861 'Nocturna
402 3813 515 3862 custodie
523 3812 658 3877 pensemus]
668 3812 740 3863 Pren-
780 3811 913 3870 militibus,
929 3814 974 3879 qni
985 3813 1087 3877 vigilius
1101 3821 1240 3865 nocturnes
1258 3816 1308 3863 cir·

211 3881 296 3935 l'ectne
313 3886 427 3949 ripilnm,
444 3900 552 3952 quorum
573 3902 664 3938 tuunrrs
684 3896 740 3939 eret
779 3888 914 3950 cursitent,
936 3890 1176 3952 nuntiarentque,
1200 3891 1223 3938 si
1244 3889 1307 3953 quid

212 3962 394 4011 totsrnnrbenr
413 3972 490 4014 noctu
507 3963 694 4028 perambulare,
711 3972 739 4017 et
780 3964 875 4015 slicubi
893 3971 964 4013 esset
978 3966 1046 4013 mele
1063 3971 1173 4027 gestum.
1206 3964 1242 4015 Hi
1257 3966 1306 4014 clr-

212 4032 352 4086 obserrsre
370 4038 507 4102 diligenter
523 4040 584 4105 qnid
597 4056 699 4105 quoque
712 4042 738 4091 in
778 4040 890 4090 cultures
901 4040 983 4103 primo
994 4040 1058 4089 dicti
1070 4047 1145 4100 eunt3
1164 4048 1192 4090 et
1203 4048 1308 4104 postes,

211 4106 269 4155 rico
281 4120 423 4173 gereretur,
441 4115 635 4180 predonesque,
651 4125 680 4165 et
693 4114 738 4166 lto·
778 4123 847 4167 teste
858 4118 978 4180 Vegetio,
993 4118 1093 4167 militine
1104 4118 1187 4168 iectus
1196 4128 1238 4169 est
1249 4133 1306 4183 ges·

211 4180 326 4247 micinno,
342 4186 363 4233 si
385 4202 449 4249 quus
469 4189 619 4241 hebuuueut
639 4191 737 4255 obrius,
777 4190 836 4255 dus,
845 4192 961 4257 dictique
970 4202 1031 4243 suut
1041 4194 1184 4246 circitores.
