3000 4859
443 358 673 409 uusurrroura
698 358 746 409 os
774 358 950 407 seucum.
1197 340 1242 407 al

495 502 588 569 Idem
602 504 659 568 lib.
675 516 747 565 xu.
762 501 903 585 cap-10.

196 604 290 670 Unde
302 608 337 669 et
351 603 529 687 Apuleius,
546 622 622 672 cum
638 604 703 667 hoc
719 601 936 668 animantium
951 620 1054 684 genus
1064 602 1241 671 describit:

153 707 373 789 ‘sigillatim'
387 707 507 790 iuquit,
528 706 718 783 ‘mortales
736 705 882 769 cunctim
895 711 1007 768 tumen
1021 705 1174 772 uniuerso
1186 726 1242 790 ge·

153 826 228 873 uere
240 807 423 893 perpetui?

465 934 560 999 Idem
572 933 632 999 lib.
649 950 762 999 xvru.
777 954 851 1018 cap.
867 933 921 998 18.

192 1048 286 1115 Num
302 1055 334 1115 et
346 1068 420 1129 nos,
442 1069 516 1115 cum
530 1070 678 1115 essemus
692 1051 727 1114 iu
741 1050 854 1128 Italia,
870 1049 1087 1115 audiebamus
1102 1052 1185 1117 talia
1199 1053 1240 1117 de

152 1150 299 1233 quadam
313 1152 446 1235 regione
460 1152 591 1217 illarum
606 1151 772 1235 partium:
794 1153 854 1216 ubi
870 1152 1072 1217 stabularias
1084 1154 1240 1219 mulieres

151 1251 298 1317 imbutus
326 1252 497 1318 hiemalis
520 1254 648 1317 artibus
677 1253 710 1317 in
731 1271 831 1316 caseo
862 1253 939 1316 dare
960 1252 1064 1317 solere
1086 1254 1241 1319 dicebant

152 1352 275 1436 quibus
303 1351 426 1416 uellent
453 1372 513 1417 seu
535 1358 673 1437 possent
697 1352 895 1430 viatoribus,
917 1351 1003 1417 unde
1029 1354 1062 1417 in
1086 1353 1242 1437 jumenta
1345 1418 1358 1441 ‚

151 1453 242 1518 illico
256 1461 467 1533 verterentur,
480 1461 514 1519 et
533 1455 722 1519 necessaria
737 1473 881 1537 quaeque
901 1462 1083 1538 portarent,
1098 1463 1242 1540 postque

152 1554 323 1639 perfuncta
338 1575 439 1640 opera
452 1558 572 1620 iterum
594 1554 638 1619 ud
661 1574 698 1618 se
724 1554 887 1619 redirent:
918 1575 980 1620 nec
1000 1542 1109 1621 mmen
1134 1557 1241 1622 ineis

152 1662 293 1720 mentem
307 1656 379 1721 lieri
400 1656 588 1734 bestialem,
605 1656 665 1721 sed
686 1658 882 1721 rationalem
901 1658 1145 1741 humanamque
1172 1678 1242 1722 ser-

152 1758 233 1822 vari.
288 1758 382 1826 Sicut
403 1758 567 1842 Apuleius
590 1759 752 1835 inlibris,
783 1778 869 1842 quos
890 1758 989 1822 Asini
1009 1758 1116 1823 Aurei
1142 1761 1239 1826 titulo

151 1856 335 1943 inscripsit,
350 1859 497 1943 sibiipsi
518 1858 697 1936 accidisse,
719 1866 758 1923 ut
779 1866 918 1942 accepto
940 1878 1077 1937 ueneno,
1098 1860 1240 1926 bumuuo

153 1961 263 2024 auimo
274 1967 496 2043 permanente,
510 1962 623 2025 asinus
637 1960 743 2038 lieret,
759 1966 815 2026 aut
824 1959 997 2046 judicavit
1009 1968 1067 2027 aut
1080 1960 1189 2025 linxit.

493 2149 545 2219 Eis
554 2143 699 2221 Ἀπνλῆῑνν
713 2142 917 2230 Χριστοδῶρον.

284 2262 343 2326 Καὶ
357 2266 442 2349 vespis
455 2260 607 2347 ἄφθεγκτα
620 2260 764 2336 Αατννίδνς
778 2258 862 2347 ὄργια
877 2259 993 2337 Moriens

272 2364 373 2442 ’Δζπν
387 2362 548 2427 παπταίνων
559 2364 716 2441 Ἀπυλῆῑος,
729 2361 821 2427 ὅντινα
833 2362 942 2446 cumr

279 2464 393 2536 Αὐσννὶς
408 2463 524 2550 &plicas
541 2462 637 2548 euplus
650 2462 818 2550 ἀνεθρέψατο
835 2465 942 2551 Σειρήν.

236 2586 247 2614 ⁴
264 2579 309 2644 Et
321 2580 554 2646 intellectualis
570 2582 735 2645 taciturna
750 2580 882 2645 Lutiuae
898 2578 1004 2661 Orgia
1018 2577 1131 2645 Musae

237 2680 379 2745 Colebal
389 2681 559 2763 inquirens
574 2678 755 2763 Apuleius,
771 2700 868 2763 quem
883 2678 1100 2745 Sacerdotem

237 2778 388 2845 Ausonia
402 2800 534 2845 arcanae
549 2782 726 2865 sapientiae
741 2783 881 2847 nutriuit
894 2779 1009 2846 Siren!

302 2965 550 3031 Commentator
561 2973 660 3031 vetus
675 2964 812 3032 Horatii
827 2965 870 3031 ad
892 2966 1002 3051 Epod.
1020 2982 1084 3030 κν.

194 3096 303 3163 Simili
324 3098 424 3164 modo
445 3099 548 3164 etlam
571 3098 739 3183 Apuleius
762 3100 878 3165 scribit
900 3099 955 3163 De
980 3098 1089 3162 Asino
1114 3096 1240 3176 Aureo,

150 3200 298 3263 animam
312 3218 406 3263 suem
421 3200 524 3263 luisse
539 3201 572 3263 iu
589 3220 726 3283 corpore
738 3202 836 3278 asini,
855 3201 1113 3284 meminisseque
1129 3220 1169 3266 se
1182 3199 1240 3264 de-

149 3300 287 3366 rexisse
302 3300 444 3384 plurima
458 3306 628 3381 segmenta
642 3306 676 3365 et
690 3320 793 3365 onera
807 3302 843 3365 in
856 3300 1048 3383 AEgyptum.

364 3482 562 3549 Macrobius
577 3462 742 3548 Satumal}
756 3442 816 3548 lib.
835 3498 900 3546 νιν.
916 3500 991 3564 cap.
1004 3480 1038 3546 3.

195 3617 280 3683 Cum
308 3637 386 3701 ergo
416 3618 546 3695 videas,
581 3619 627 3681 mi
656 3616 806 3698 Avieue3
842 3613 1050 3679 instituenda
1076 3618 1129 3678 est
1152 3615 1240 3678 euim

148 3717 456 3795 adolescentiatua,
468 3718 603 3800 quesita
614 3716 858 3795 docilisest,ut
872 3715 1033 3780 discendo
1044 3716 1241 3798 praecipiat3

118 3884 121 3891 ,
147 3839 227 3884 cnm
242 3818 372 3895 videas,
383 3820 531 3901 inquam,
547 3836 674 3900 anceps
683 3836 781 3881 omne
795 3836 869 3880 esse
884 3824 1105 3880 scommatum
1120 3832 1241 3895 genus3

147 3920 281 3986 suadeo
303 3920 340 3983 iu
363 3920 540 3996 conviviis,
569 3919 605 3981 iu
630 3918 752 4000 quibus
776 3917 917 3981 Laetitiae
939 3914 1148 3979 insidiabitur
1173 3912 1241 3992 Ira,

146 4022 192 4086 ab
207 4019 377 4106 eiusmodi
399 4020 500 4085 dictis
521 4019 686 4084 lacessas:
709 4025 742 4084 et
764 4019 870 4099 magis
884 4015 1096 4080 Convivialee
1120 4012 1241 4092 Quaes-

147 4126 260 4189 tiones
291 4121 347 4186 vel
374 4138 552 4204 proponas,
588 4120 640 4184 vel
671 4122 747 4203 ipse
776 4118 953 4183 dissolvas.
1005 4113 1105 4193 Quod
1134 4134 1239 4198 genus
