3000 4859
429 369 786 428 nnrsuonrnosnon
810 373 885 422 urs.
909 373 960 422 vr.
1174 361 1243 428 tit

150 514 343 580 occultatas
363 516 398 578 iu
413 514 557 600 quadam
573 515 734 598 spelunea
749 516 908 592 sarcinas,
922 521 960 582 ut
974 517 1121 593 aiebant,
1134 521 1235 600 proti·

150 617 235 680 cisci
262 617 413 697 gestiunt
471 617 686 700 Prandioque
713 620 837 701 raptim
864 619 1098 696 tuburcinato:
1124 628 1239 684 meet

152 736 275 799 equum
287 725 439 784 vectores
453 726 578 784 rerum⁵
594 718 724 783 illarum
734 718 866 783 tuturos
875 717 1022 783 fustibus
1033 719 1156 784 exinde
1167 725 1239 784 tun·

151 818 294 896 dentes,⁴
307 820 492 901 prodeunt⁵
507 821 541 884 in
556 819 664 884 riam:
694 816 788 901 [126]
812 820 989 903 mumque
1011 821 1109 885 olivis
1129 827 1161 886 et
1180 840 1239 886 au-

150 920 314 984 fractibus
335 922 505 1003 fatigatos,
528 939 632 1004 prope
656 921 767 1003 ipsam
791 939 965 1004 vesperam
988 921 1174 1004 perducunt
1195 921 1242 987 ad

151 1023 345 1106 quampiam
373 1022 586 1105 speluncam:
609 1023 695 1087 unde
719 1021 857 1088 muttis⁶
881 1030 1025 1087 onustos
1048 1024 1148 1088 rebus
1170 1043 1240 1088 rur·

152 1141 238 1203 sum,
259 1131 325 1190 ne⁷
349 1125 523 1190 breviculo
546 1124 680 1210 quidem
708 1135 858 1209 tempora
876 1126 1029 1203 refectos,
1049 1125 1175 1190 ooiter⁸
1190 1146 1242 1190 re·

152 1223 296 1291 ducunt:
340 1231 497 1310 tantaque
521 1227 738 1311 trepidatione
760 1228 975 1306 festinabant,
1001 1235 1039 1293 ut
1059 1247 1114 1293 me
1134 1228 1244 1311 plagis

153 1325 269 1390 multis
290 1326 512 1392 obtundentes
534 1330 833 1414 propellentesque,
854 1350 957 1413 super
975 1330 1124 1414 lapidem
1142 1328 1271 1415 prop·'

154 1433 225 1493 ter⁹
241 1428 328 1492 eiam
344 1429 492 1510 positum
507 1429 690 1514 dejicerent
733 1431 833 1498 Unde
854 1433 978 1497 crebris
992 1452 1091 1516 seque
1107 1433 1243 1516 ingestis

152 1531 289 1608 ictibus,
305 1529 443 1596 dextero
460 1541 574 1598 erure¹
595 1541 630 1598 et
644 1535 770 1618 ungula
784 1535 938 1600 sinistra²
954 1555 1008 1600 me
1023 1532 1242 1612 debilitatum,

154 1650 242 1712 aegre
265 1630 309 1696 ad
333 1634 575 1715 exsurgendum
599 1634 812 1718 compellunt.
857 1634 903 1698 Et
916 1644 1026 1714 unus,³
1042 1633 1243 1720 Quousque,

154 1733 270 1817 inquit,
291 1739 451 1816 ruptum⁴
473 1735 572 1800 istum
587 1736 740 1812 asellum,
758 1753 846 1800 nune
862 1736 964 1800 etiam
978 1736 1144 1814 claudum,
1159 1737 1245 1802 trus-

153 1917 246 1978 eterost,
257 1922 285 1965 st
300 1917 416 1980 dieebost,
427 1919 453 1968 ier
463 1919 653 1983 quadrantem:
669 1921 914 1985 repraesumere
929 1921 1047 1982 etms,
1064 1935 1102 1970 ere
1116 1925 1139 1970 et
1157 1935 1248 1984 σφω,

154 1979 296 2040 equinam
304 1983 358 2031 ittae
367 1983 482 2042 arciens,
492 1985 623 2046 prepettest
632 1985 700 2034 ittire
711 1986 738 2034 is
747 1984 819 2046 sim,
827 1985 986 2048 percutientes
996 1985 1099 2034 seue.-
1113 1990 1137 2033 et
1147 1986 1247 2033 temtm

152 2045 261 2106 ptsnbais
269 2045 365 2094 rattibor
374 2045 511 2110 reflexibus
520 2049 613 2097 eierare
628 2051 742 2099 dedeceat
753 2049 796 2098 ns
806 2054 895 2099 esetess
903 2051 935 2098 ed
948 2051 1064 2113 quondm
1074 2063 1206 2104 memes,
1215 2063 1247 2096 es·

154 2123 200 2171 quo
210 2124 223 2158 e
232 2110 333 2170 vestigio
342 2112 454 2159 redscsst
464 2127 507 2160 ses
516 2119 623 2162 motos
632 2113 800 2170 mereretur,
811 2127 840 2162 se
850 2113 946 2163 minimo
953 2114 1045 2176 qetdesr
1052 2113 1162 2175 temporis
1171 2111 1247 2188 spatis

154 2179 285 2222 reeeestos:
301 2179 324 2222 et
341 2175 495 2236 properatost
514 2191 565 2224 serr
583 2181 650 2226 testo
664 2176 828 2240 festinatione,
844 2175 872 2225 ob
888 2183 984 2240 seam
999 2183 1027 2226 et
1041 2191 1078 2226 ese
1091 2181 1248 2239 percutientes

154 2236 243 2286 crebris
253 2237 338 2286 ictibus
348 2243 371 2286 et
380 2239 547 2301 praerudentes
557 2245 689 2290 stemereet
701 2240 725 2289 te
737 2241 837 2304 tepiders
848 2241 991 2301 edjaesters
1007 2241 1062 2303 eia,
1076 2243 1138 2290 esde
1152 2241 1194 2288 rix
1210 2254 1248 2288 ese

155 2307 241 2360 meet
252 2315 381 2366 resurgere,
395 2317 527 2365 percurram
536 2303 621 2353 iterare
632 2305 714 2353 mettis
719 2305 808 2368 pingis,
817 2309 840 2354 et
849 2307 958 2366 grssiter
968 2307 1050 2354 hesse
1059 2306 1145 2354 dextre
1153 2303 1215 2353 titis
1222 2308 1247 2352 et

156 2363 253 2414 siststm
262 2367 357 2426 mente·
391 2368 469 2430 Atque
479 2381 539 2416 uses
549 2383 580 2418 ee
590 2367 648 2424 ittis,
662 2369 791 2432 Quamdiu,
801 2370 847 2432 ott,
856 2369 976 2419 isetititer
986 2369 1073 2420 stenes
1083 2369 1144 2418 teas
1154 2369 1249 2419 adesa

612 2508 795 2532 m

158 2615 265 2665 deretur
275 2615 301 2664 in
319 2615 387 2666 Edd.
397 2617 479 2667 wore.
491 2624 519 2667 et
529 2616 600 2669 Prie.
632 2618 789 2683 Prepesitio
808 2618 884 2670 deest
902 2619 966 2682 itae.
987 2617 1053 2667 Fur.
1071 2618 1159 2667 Ide-⁸
1176 2617 1249 2668 Pru.

157 2685 277 2730 sertem.
313 2679 367 2730 Pel.
378 2685 469 2732 uertere
485 2681 579 2732 itteram
594 2697 681 2734 reuse.
714 2683 746 2733 in
759 2683 902 2746 Regionon
914 2681 1157 2745 comparetseteroe.
1174 2681 1249 2731 ld.-

156 2747 172 2792 t
189 2743 313 2794 Tudertes.
330 2745 395 2795 Fur.
406 2745 539 2797 tendentes.
556 2746 647 2796 Reuld.
681 2745 721 2796 Ac
733 2747 772 2796 sie
784 2747 865 2797 ceteri
876 2747 941 2796 Mes.
953 2754 982 2796 et
993 2746 1059 2796 Edd.
1070 2746 1139 2810 qood
1150 2759 1251 2808 moneo,

157 2819 190 2856 ne
202 2809 258 2872 quis
270 2809 456 2873 typographico
468 2823 556 2860 errore
573 2811 697 2874 deeeptus
715 2811 839 2861 innovare
851 2812 914 2861 velit
924 2812 950 2860 in
961 2811 1090 2860 tradentes.
1124 2810 1193 2861 Quin
1209 2815 1250 2858 'se-

158 2871 246 2938 quitur
268 2873 346 2935 paulo
364 2879 422 2936 post
440 2871 651 2924 ‘obtundentes'
670 2875 782 2925 ond-5
800 2877 948 2925 Prsduest.
973 2875 1123 2940 Sequuntur
1139 2873 1251 2936 ‘perdo-

157 2935 236 2996 enut,'
252 2933 417 2986 ‘reducunt'
450 2937 536 2988 Quare
549 2938 645 2988 secedo
662 2939 775 3002 Priene,
794 2953 826 2988 ex
838 2940 924 2990 Onon.
946 2939 1012 2990 cod.
1030 2938 1177 2988 emendanti
1193 2954 1249 3002 prs·

156 3000 237 3048 deest.
269 2999 385 3048 Pessime
397 2999 481 3050 Patet.
493 3001 582 3052 Guelt'.
594 3009 621 3052 et
631 3002 680 3052 Ed.
698 3003 816 3052 Etnrenb.
826 3007 962 3066 perdurat.
996 3001 1251 3052 D'Orv.irsio.1d.

158 3065 207 3112 -d
223 3061 312 3111 Mettis
321 3061 395 3112 deest
405 3063 492 3114 Oxou.
511 3065 597 3116 ra-e
615 3064 786 3115 Desideratus
795 3082 825 3115 se
835 3068 860 3116 in
871 3069 921 3116 Μι.
933 3067 1024 3130 Regio.
1040 3068 1127 3116 let-8
1146 3066 1250 3114 Obiter.

161 3127 201 3176 Μ.
222 3125 305 3174 obiter.
338 3126 371 3175 B.
391 3127 473 3176 ociter.
490 3127 651 3178 Potesne-9
667 3130 704 3177 Pr
747 3165 755 3179 .
776 3131 841 3180 Fur.
857 3137 967 3196 propter.-
985 3139 1121 3192 utrumque
1141 3136 1250 3178 rectum.

159 3189 246 3240 Reetd.
281 3190 390 3251 Propter.
422 3190 515 3252 Vulgo,
542 3206 606 3256 rope.
622 3193 697 3241 Etme
734 3227 742 3242 .
776 3194 849 3243 Bene
857 3199 954 3257 propter
965 3193 1122 3256 rescripsere
1134 3191 1251 3245 Etrnenb.

161 3253 244 3303 Serir.
255 3251 283 3303 et
294 3253 363 3302 Ptor.
374 3207 573 3317 astipulantibus
592 3257 656 3304 Mes.
669 3257 755 3307 Patet.
773 3257 843 3306 Flor.
855 3258 905 3307 Ed.
915 3257 988 3308 tunt.
1001 3265 1068 3319 post.
1100 3255 1168 3304 Vide
1188 3255 1220 3305 sd
1232 3257 1251 3308 1.

160 3331 195 3368 ιι.
204 3332 230 3380 p.
242 3321 282 3366 tu.
299 3317 399 3368 ‘Quem
411 3327 519 3382 propter
530 3318 671 3370 resistens!
702 3320 766 3368 't'om
778 3321 804 3368 in
814 3320 916 3370 D'Ore.
929 3334 976 3384 per
995 3335 1065 3369 arnor
1077 3328 1118 3368 est
1134 3321 1250 3382 positam

159 3389 188 3431 et
199 3381 224 3430 in
233 3381 318 3431 Oxou.
328 3381 466 3441 dejicerem.
500 3381 571 3433 Pitb.
582 3384 723 3444 deterserit.
734 3383 850 3433 ond-l
867 3336 996 3434 n'omd'.
1009 3385 1094 3434 Patet.
1105 3383 1175 3434 Pitb.
1185 3386 1251 3435 For.

163 3444 252 3495 Guett'.
262 3460 331 3494 erere
341 3447 434 3495 dextro.
452 3445 541 3498 itt-s
558 3446 659 3498 D'Orr.
669 3447 774 3497 sinistro.
792 3448 881 3497 let-s
897 3449 940 3499 sic
959 3450 1026 3497 bene
1043 3446 1189 3502 enreodsrit
1200 3447 1251 3496 lte·

162 3509 243 3559 roald.
255 3524 302 3575 pro
312 3515 337 3559 et
348 3509 415 3574 imus,
427 3509 495 3575 quod
505 3511 530 3561 iu
540 3511 589 3562 nd.
600 3511 659 3562 Vie.
670 3510 863 3562 inveni.1d.—t
880 3513 938 3562 Pet.
951 3512 1037 3562 Oxou.
1049 3511 1136 3562 Gnett'.
1148 3515 1250 3576 reptare·

650 3634 757 3686 NOTAE

193 3738 205 3766 θ
223 3729 521 3794 iisdmiseto1Nouius=
543 3727 687 3781 ‘'tubursi-
728 3731 861 3784 einstnr.'’
893 3731 1026 3783 A‘tnbr'
1046 3731 1184 3782 formatum
1195 3745 1253 3780 eer-

161 3805 218 3856 neri
239 3806 378 3870 signifieat,
402 3807 498 3870 raptim
524 3805 686 3857 manducare.
728 3807 797 3858 born.
831 3807 909 3868 Nare,
923 3806 1252 3871 qmsridiuseduntbue·

159 3881 239 3932 'litim
256 3881 367 3932 Pretiae
383 3880 571 3932 ‘tuburcinari
580 3882 634 3932 eins
644 3896 687 3932 me
727 3897 771 3933 ear
782 3881 873 3933 temne
885 3882 1124 3933 instertnbteinum.
1298 3903 1301 3911 ·

161 3958 238 4008 ruitis
247 3955 383 4022 reliquias?
410 3957 497 4008 Pleut.
508 3957 687 4007 Persss‘Tu·
758 3956 1102 4022 tottaptteerheemer]
1119 3957 1186 4020 iege
1202 3970 1254 4009 nus

161 4033 293 4084 burcinsri
312 4033 345 4082 de
361 4047 417 4093 sno,
434 4034 456 4083 si
472 4033 534 4098 quid
551 4033 620 4083 domi
635 4033 688 4084 sit!
727 4047 792 4083 roes
807 4033 892 4096 obiter,
912 4046 963 4082 non
977 4033 1007 4082 ob
1020 4034 1074 4083 iter.
1108 4033 1160 4082 Hie
1178 4031 1253 4083 obiter

160 4109 474 4171 'rutperrsoeuonttnnsz
492 4109 687 4160 ‘Melissintus
727 4115 777 4170 est,
795 4107 940 4170 evestigio.
973 4107 1073 4157 Otene
1085 4107 1252 4157 Pricseoteu·

161 4193 260 4243 eessrt;
277 4185 356 4235 eredo
375 4185 472 4248 berete,
493 4184 579 4236 bellue
599 4184 688 4236 tubnr·
728 4183 816 4234 deta:
833 4181 958 4245 ‘Obiter,
972 4181 1064 4247 misr,
1074 4181 1142 4246 teri
1153 4183 1234 4247 stret
