3000 4859
550 384 704 433 nvnnnu
728 384 834 437 vrrs.
1187 375 1230 441 17

138 526 242 595 nitas:
257 524 363 591 soluti
373 526 464 591 enim
472 526 563 605 vino,
571 533 608 591 ut
615 528 709 608 solat,
719 528 866 595 dicteriis
872 536 909 593 et
916 529 1045 598 salibus
1051 531 1231 601 ludebant:

137 626 224 691 unde
246 627 338 709 spuvl
354 628 550 695 Ciceronem
572 628 682 712 Epist.
704 631 746 695 ad
768 630 919 697 Pastum:
941 631 1042 697 ‘Non
1055 635 1150 700 multi
1163 638 1233 702 cibi

139 728 199 793 sed
209 729 285 813 joci
298 730 444 813 hospes!
480 730 525 795 Et
536 749 638 795 senex
647 732 711 797 iste
721 732 813 816 apud
823 731 982 799 Plautum
991 733 1120 801 Milite:
1144 736 1232 803 ‘Vel

140 830 317 896 cavillator
328 832 471 909 facetus,
483 833 536 898 vel
547 834 690 897 conviva
703 832 917 899 commodus?
949 833 1050 917 Apul.
1060 836 1195 904 Metam.
1207 854 1232 903 1.

141 929 251 996 ‘Cibo
270 932 372 1011 satio,
394 933 518 1016 poculo
533 932 661 1024 mitigo,
673 931 798 999 lahulis
810 934 1021 1017 permulceo:
1037 934 1110 1018 jam
1123 938 1167 1002 ad
1181 939 1234 1004 lu·

140 1032 292 1097 hentiam
306 1036 471 1118 proclives
490 1040 582 1099 erant
597 1041 812 1101 sermonesst
829 1035 913 1118 joci,
936 1036 1059 1101 scitrrm
1078 1043 1112 1103 et
1129 1042 1234 1105 cavil-

141 1133 233 1197 lum!
257 1134 333 1200 Lib.
360 1152 401 1201 ιι.
444 1137 542 1203 ‘Jam
556 1137 701 1221 epularis
716 1157 823 1205 sermo
838 1138 1032 1220 percrebuit,
1052 1138 1125 1221 jam
1145 1143 1234 1207 risus

144 1234 295 1313 affluens,
317 1241 350 1300 et
367 1236 439 1320 joci
459 1238 617 1303 liberales
639 1244 674 1302 et
694 1239 834 1303 cavillus
855 1237 932 1302 hinc
953 1238 1054 1307 inde.’
1095 1239 1237 1307 Varium

144 1342 259 1401 antem
280 1337 530 1403 cavillationum
551 1356 673 1420 genus:
703 1347 742 1403 ut
764 1338 935 1405 Plutarch.
959 1338 1114 1424 Sympos.
1137 1358 1178 1406 ιι.
1200 1350 1236 1408 et
1302 1338 1305 1345 ’

145 1435 299 1505 Macroh.
314 1438 481 1504 Saturnal.
491 1456 556 1503 ιιι.
572 1440 699 1522 saepius
709 1459 786 1503 cum
794 1440 995 1505 contumelia
1003 1442 1142 1507 alterius
1154 1463 1235 1508 con-

139 1537 317 1620 junctum:
339 1540 426 1605 unde
440 1539 584 1607 dissidia
597 1547 631 1605 et
644 1540 729 1607 rire
744 1541 891 1608 obortas:
915 1541 992 1606 ideo
1007 1543 1236 1625 prudentiores

145 1639 190 1728 ad
205 1642 409 1723 quaestiones
421 1641 613 1709 convivales
628 1642 803 1706 deflectere
816 1642 1008 1709 maluenmt.
1051 1642 1236 1728 Utrumque

144 1750 375 1821 argumentum
409 1742 558 1826 Apuleio
588 1748 838 1827 pertractatum,
865 1750 900 1805 et
926 1741 990 1807 hoc
1019 1744 1154 1826 qrridem
1177 1746 1235 1811 lib.

145 1838 391 1919 Quaestionum,
416 1842 499 1908 illud
527 1861 605 1909 vero
636 1843 864 1909 Ludicrornm.
907 1842 965 1909 Ita
981 1844 1124 1927 legimus
1145 1847 1238 1930 apud

145 1940 355 2022 Suetonium,
371 1946 491 2011 Caium
514 1945 688 2010 Mulierum
713 1944 975 2009 Grammaticum
996 1948 1238 2029 conscripsisse

145 2046 253 2110 libros
274 2044 488 2128 Ineptiarum,
511 2046 585 2111 sive
607 2046 767 2112 Jocorum
790 2061 839 2109 er.
883 2043 952 2109 Sed
977 2046 1052 2128 ipse
1069 2048 1173 2113 Nonii
1186 2048 1239 2113 lo·

147 2162 207 2211 cus
223 2146 417 2229 cujuscujus
432 2146 598 2229 judicium
621 2147 728 2211 secuti
744 2162 862 2227 parum
877 2144 993 2227 probae
1006 2144 1083 2211 fidei
1097 2148 1237 2213 videtur.

146 2244 267 2329 Neque
291 2247 380 2310 euim
401 2247 484 2311 satis
505 2252 622 2329 sparte
643 2243 793 2328 Apuleio
809 2243 912 2307 libros
935 2241 1150 2309 Ludicrurum
1164 2247 1237 2336 vin-

147 2345 248 2411 dicat
290 2346 542 2429 Disputationis
566 2345 608 2410 de
626 2342 837 2428 AEsculapio,
858 2359 961 2425 quum
981 2342 1070 2425 apud
1092 2342 1238 2409 OEenses

146 2448 311 2527 recitavit,
339 2449 375 2513 in
403 2447 575 2531 Apologia
601 2444 762 2510 meminit.
806 2442 944 2506 Librum
965 2432 1009 2506 de
1030 2442 1152 2509 Statua
1171 2446 1238 2511 sihi

146 2554 270 2626 erecta,
288 2549 322 2613 in
344 2566 412 2631 quo
432 2547 554 2629 gratias
576 2546 693 2627 agebat
715 2543 1053 2624 Carthaginiensibus,
1068 2551 1104 2608 et
1117 2546 1239 2612 lihrmn

147 2646 319 2732 Scipionis
335 2648 509 2713 AEmilieui
524 2646 708 2711 honoribus
723 2644 914 2709 dedicatum
928 2644 1003 2727 ipse
1018 2663 1151 2728 quoque
1166 2646 1238 2709 lau-

148 2746 215 2813 dat.
259 2748 427 2815 Praetcrea
441 2747 634 2814 Orationem
653 2746 809 2827 vulgasse
829 2743 991 2809 adversus
1006 2744 1240 2809 contradictio·

148 2868 225 2913 nem
247 2850 452 2932 quorundam
470 2850 607 2926 civium,
621 2847 664 2911 (le
681 2847 803 2912 Statua
817 2844 907 2929 apud
922 2845 1069 2909 OEensoe
1084 2846 1239 2924 locanda,

149 2948 193 3013 D.
208 2950 297 3035 Aug.
312 2952 416 3017 testis
461 2950 687 3031 Hermagoras
699 2943 847 3029 Apuleii,
864 2946 1031 3027 Fulgentil
1045 2951 1080 3010 et
1094 2945 1240 3011 Priscia-

148 3052 184 3115 ni
206 3055 386 3128 mentione,
411 3060 528 3119 notus:
551 3050 647 3133 cujus
676 3048 859 3130 argumenti
883 3046 991 3124 inerit,
1016 3048 1152 3129 assequi
1173 3067 1241 3111 non

147 3154 258 3234 potui.
296 3154 433 3236 Dialogi
448 3152 682 3238 speciemprae
697 3170 733 3215 se
747 3149 830 3215 ferre
843 3147 984 3212 videtur.
1029 3146 1205 3230 Inscriptio
1218 3168 1241 3213 a

148 3270 303 3335 persona,
326 3254 380 3319 cui
402 3258 517 3336 partes
535 3251 700 3335 loquentis
719 3249 866 3314 dederat.
910 3247 1072 3313 Tribulus
1083 3254 1190 3313 autem
1204 3248 1241 3312 in

150 3355 265 3445 plures
280 3354 517 3437 Hermagoras,
532 3354 718 3419 imitatione
732 3350 945 3427 Pletoniam
959 3368 1004 3413 ex
1014 3348 1101 3413 locis
1112 3367 1134 3412 a
1148 3347 1242 3412 Pris-

150 3455 377 3520 cianocitatis
391 3455 558 3538 conjicere
572 3454 661 3520 h'cct.
701 3452 814 3532 Quam
834 3469 915 3515 vero
936 3448 1026 3512 idem
1050 3449 1241 3515 Priscianus
1329 3448 1332 3454 ’

149 3552 342 3639 Epitemarn
361 3555 435 3639 ejus
453 3555 576 3633 laudet,
598 3555 734 3637 ignoro:
762 3551 829 3615 nisi
847 3548 891 3613 ed
911 3548 1120 3613 historiarum
1135 3549 1243 3631 epito-

149 3674 226 3721 men
240 3656 383 3735 reseras3
405 3674 474 3739 quo
488 3661 522 3719 ct
534 3656 642 3732 locus,
656 3672 756 3738 quem
771 3650 906 3735 profert,
920 3651 1039 3715 ducere
1052 3648 1195 3727 videtur,
1209 3656 1244 3715 et

149 3754 211 3821 illa
223 3756 258 3820 in
272 3756 434 3821 Floridis:
458 3756 651 3821 ‘Historias
662 3756 830 3821 variarum
840 3772 959 3830 rerum,
969 3772 1031 3816 nec
1043 3770 1109 3815 non
1121 3750 1242 3815 Dialo-

150 3875 212 3937 gus
231 3856 385 3923 laudatos
408 3855 639 3940 philosophis!
681 3856 727 3921 Et
746 3855 819 3921 haec
842 3854 976 3938 quidem
997 3853 1110 3917 omnia
1122 3850 1244 3934 injuria

152 3958 313 4039 temporis
327 3956 440 4023 invida
453 3956 629 4021 molitione
644 3958 742 4021 nobis
759 3958 939 4021 subtraxit.
982 3954 1071 4018 Inter
1081 3953 1141 4018 illa
1150 3972 1243 4030 vero,

152 4076 230 4139 quae
247 4057 339 4121 velut
351 4076 396 4121 ex
412 4059 576 4123 communi
593 4057 745 4123 incendio
762 4062 941 4133 resanata,
956 4055 1056 4137 primi
1070 4064 1244 4121 occurrunt

155 4156 472 4240 Metamorphoseou
492 4159 570 4225 lihri
591 4176 653 4223 sno
669 4158 744 4240 jure
759 4158 901 4241 primurn
914 4156 1024 4221 locum
1039 4157 1241 4239 occupaturi,

220 4274 338 4337 Delphet
353 4274 411 4325 Ver.
421 4274 487 4324 ctu.
669 4270 740 4337 Apul.
1154 4272 1178 4319 B
