3000 4859
413 768 1122 888 PRAEFATIO.

628 1010 884 1025 m

460 1160 682 1255 AEQUO
734 1156 1066 1255 LECTORI

701 1399 736 1465 S.
782 1400 826 1463 D.

366 1624 595 1701 DAVID
657 1621 1159 1701 RUHNKENIUS.

214 2042 313 2134 Duo
338 2070 521 2152 scriptores
545 2068 600 2132 vel
625 2068 778 2150 inprimis
802 2068 932 2133 nobiles
953 2086 997 2131 ex
1012 2064 1252 2131 Antoninorum
1267 2082 1314 2128 re-

213 2176 293 2248 tete,
317 2170 447 2235 Gellius
471 2177 504 2236 et
523 2167 702 2253 Apuleius,
726 2188 814 2247 cum,
838 2168 1026 2252 eloquentia
1045 2166 1164 2231 saeouli
1179 2165 1233 2267 sui
1246 2182 1314 2229 nou

212 2272 370 2349 contenti,
386 2272 554 2336 meliorem
569 2276 766 2354 quaererent,
784 2270 918 2353 judicio
930 2268 1033 2352 lapsi,
1047 2270 1084 2333 in
1099 2267 1193 2333 aliud
1209 2285 1312 2349 genus

212 2377 318 2455 magis
341 2374 500 2437 vitiosum
525 2372 726 2437 inciderunt.
772 2369 860 2435 Cum
884 2372 974 2435 enim
1000 2389 1098 2435 omne
1120 2374 1211 2434 reete
1232 2368 1314 2433 scri·

212 2474 313 2537 bendi
328 2475 503 2538 consilium
518 2473 561 2537 ad
575 2473 673 2539 nnius
690 2471 877 2550 Ciceronis,
903 2479 940 2537 et
953 2478 992 2537 nt
1006 2473 1149 2555 quisque
1162 2471 1195 2534 ei
1209 2469 1314 2534 simil·

211 2575 314 2639 limus
330 2581 396 2651 est,
412 2592 563 2638 normam
579 2572 720 2655 dirigere
737 2572 946 2651 debuissent,
964 2572 1074 2636 nonii
1096 2570 1233 2655 quidem
1253 2590 1314 2654 op·

211 2676 311 2740 timos
326 2674 406 2739 illos
422 2677 556 2739 omnino
574 2674 790 2758 reliquerunt,
806 2674 865 2739 sed
882 2679 994 2739 temen
1018 2693 1094 2740 eum
1109 2691 1224 2737 eorum
1239 2672 1315 2737 imi·

211 2777 335 2842 tatione
358 2776 538 2860 scriptores
561 2794 605 2839 ex
628 2776 744 2840 ultima
767 2775 967 2859 antiquitate
986 2776 1148 2859 repetitos
1170 2775 1220 2837 ita
1234 2792 1315 2837 con·

206 2875 401 2960 junxerunt,
415 2884 453 2939 ut
474 2876 574 2940 modo
589 2894 665 2940 cum
680 2874 854 2955 Cicerone,
870 2875 1016 2954 Caesare,
1039 2876 1150 2955 Livio,
1172 2882 1208 2941 et
1222 2876 1315 2940 dmi-

210 2980 309 3057 libus,
339 2978 439 3042 modo
470 2998 547 3042 cum
578 2977 726 3042 Evandri
755 2984 862 3043 matre
891 2980 985 3062 loqui
1011 2980 1214 3045 riderentur.
1257 2975 1313 3043 Ac

211 3081 341 3145 Gellius
355 3080 490 3163 quidem
504 3080 538 3143 in
553 3077 615 3143 hac
630 3077 788 3163 κακοζηλίᾳ
803 3080 908 3163 paulo
928 3080 1138 3146 moderatius
1163 3084 1313 3144 versatus

210 3188 274 3258 est,
287 3201 349 3245 nec
364 3187 484 3245 temere
498 3188 532 3245 et
546 3182 674 3263 passim
688 3183 792 3246 rerba
805 3182 943 3246 exoleta
954 3182 1106 3267 arripnit,
1122 3182 1182 3246 sed
1198 3200 1217 3245 e
1229 3180 1312 3245 solis

210 3282 278 3346 sero
293 3281 441 3346 Cornicis
456 3282 579 3369 priscis
595 3301 698 3347 voces
725 3302 766 3347 ac
789 3282 953 3371 formulas
969 3284 1222 3368 exquisitiores,
1238 3284 1312 3365 qui·

210 3384 273 3448 bus
289 3384 477 3449 orationem
498 3404 593 3449 suum
616 3385 848 3467 distingueret,
871 3386 1004 3453 libavit
1047 3383 1150 3463 Quod
1174 3384 1313 3466 pulchre

208 3485 294 3550 vidit
314 3486 453 3571 Lipsius
477 3486 612 3551 Pressat.
636 3487 680 3552 ad
702 3488 882 3553 Senecam:
906 3486 992 3565 Ἥ,
1014 3486 1141 3571 Agelli,
1155 3505 1222 3550 non
1245 3486 1313 3551 nisi

208 3593 339 3651 veteres
354 3587 513 3652 Comicus
534 3598 568 3655 et
590 3588 679 3653 Latii
701 3591 877 3672 puritatem
897 3589 1052 3667 sectaris,
1075 3592 1110 3653 et
1130 3587 1311 3672 exprimis:

207 3686 381 3752 fatendum
407 3688 478 3753 est!
521 3687 621 3767 Quod
645 3691 812 3774 judicium
834 3711 910 3757 oum
933 3690 1144 3755 verissimum
1168 3690 1224 3767 sit,
1247 3708 1310 3754 nec

208 3789 353 3853 obscuro
368 3788 445 3852 loco
460 3790 621 3872 positum,
631 3793 744 3856 mirari
760 3794 863 3870 subit,
875 3812 918 3856 ne
933 3810 1038 3857 unum
1054 3791 1189 3875 quidem
1205 3810 1248 3855 ex
1259 3796 1312 3855 tot
1382 3872 1389 3879 1

210 3888 310 3953 Gellii
334 3890 589 3973 Interpretibus,
611 3894 677 3957 nisi
699 3894 785 3958 forte
798 3892 822 3958 J
825 3941 832 3956 .
850 3892 889 3956 F.
910 3892 1119 3957 Gronovium
1140 3892 1311 3976 excipias,

210 3990 252 4055 ad
274 3999 341 4056 tarn
353 3994 566 4076 perspicuam
588 4000 622 4059 et
643 4000 693 4061 tot
711 3997 862 4078 vestigiis
882 3997 1081 4079 impressam
1096 3994 1311 4059 Comicorum

208 4091 427 4157 imitationem
458 4094 650 4160 attendisse.
696 4096 777 4176 Quo
799 4098 909 4161 minus
934 4097 1050 4162 dubito
1081 4098 1210 4161 futuros
1236 4096 1310 4180 ejus

211 4190 377 4273 Editores,
394 4196 493 4277 quasi
517 4198 760 4279 praetereundo,
776 4197 964 4276 admonere,
978 4207 1027 4278 nt,
1044 4200 1123 4263 siin
1139 4217 1180 4263 eo
1195 4218 1311 4265 recen·
