3000 4859
258 385 302 452 98
730 392 887 444 srunnrr

258 543 445 610 lescentulu
464 541 619 625 quaedam
644 537 839 622 procedens,
865 535 964 599 Heus
988 537 1035 609 tu,
1061 530 1179 614 inquit,
1200 526 1259 612 qui
1282 537 1352 592 tam

258 647 409 711 sortiter³
433 644 520 708 sores
542 640 733 716 verberasti,
762 639 823 701 sub
839 655 908 719 qua
923 634 1036 717 specie
1051 629 1195 695 mutuari
1208 631 1353 713 cupiet·

258 747 315 813 Au
335 754 369 810 tu
393 743 656 830 solustignoras,
679 744 799 822 praeter
821 755 938 800 aurum
962 741 1199 814 argentumque
1224 729 1352 794 nullum

258 869 321 913 nos
336 848 453 931 pignus
469 831 668 908 admitteret
693 839 846 913 Meliore,
860 837 1024 918 inquam*
1048 830 1217 908 ominare,‘
1240 837 1273 894 et
1291 848 1352 915 po’-

258 951 326 1015 tius
337 943 662 1029 responde,auintra
671 940 764 1005 redes
775 939 890 1003 herum
901 943 992 1000 tuum
1004 934 1205 999 offenderim.
1231 932 1352 1008 Pione,

257 1051 383 1133 inquit:
407 1045 465 1110 sed
482 1065 557 1129 quae
574 1062 677 1107 causa
691 1038 887 1125 quaestionis
901 1037 1025 1118 hujusi
1048 1035 1177 1100 Literes
1200 1034 1233 1096 ei
1249 1053 1269 1096 e
1284 1032 1351 1097 Co-

258 1149 380 1216 rinthio
396 1148 523 1212 Demea
548 1143 743 1207 duumviro⁵
767 1143 911 1225 scriptus
935 1139 979 1204 ed
1002 1157 1077 1202 eum
1102 1136 1215 1200 reddo.
1260 1135 1352 1198 Dum

258 1249 430 1326 annuntio,
452 1246 571 1329 inquit,
590 1242 667 1308 hic⁶
689 1243 815 1306 ibidem
838 1261 891 1304 me
904 1239 1151 1323 opperimiuor.⁷
1193 1235 1248 1312 Et,
1274 1255 1352 1301 cum

256 1447 362 1508 pesssslis.
389 1445 491 1494 Tandem
501 1441 576 1505 pusitu
587 1442 691 1504 querum
701 1436 861 1498 progreditur,
871 1440 903 1491 et.
915 1436 983 1484 Heus
994 1439 1030 1498 ts,
1040 1434 1086 1496 nit,
1097 1434 1137 1497 qui
1145 1432 1271 1497 pslsusists'
1283 1435 1352 1480 teste

257 1511 345 1572 impetu
360 1515 463 1556 nostrum
481 1507 588 1566 junones,
604 1520 648 1568 quo
664 1503 771 1564 pignoris
789 1514 875 1562 genere
891 1501 949 1548 dots
965 1501 1003 1548 sis
1019 1503 1125 1546 mstsuss
1142 1493 1251 1546 umere?
1277 1497 1353 1571 ¹iisse

257 1588 316 1621 usus
326 1572 426 1621 omnium
436 1572 510 1620 nescis
520 1571 606 1618 nullom
619 1585 659 1617 nos
671 1568 774 1628 recipere
784 1564 889 1621 omium,
898 1565 946 1612 sisi
955 1578 1039 1612 susum
1050 1568 1073 1611 et
1083 1561 1226 1622 argentum?
1247 1561 1352 1636 Despe-

257 1636 318 1684 liora
329 1637 407 1694 oeric,
417 1635 521 1696 inquom,
533 1640 554 1682 et
567 1633 677 1696 responde
693 1631 780 1694 potius,
791 1643 823 1676 ss
832 1629 949 1676 iseesiom
959 1628 1023 1675 domi
1033 1633 1100 1676 tuum
1108 1627 1196 1674 tenen
1230 1625 1352 1681 Munere,

256 1699 293 1746 nit
299 1715 309 1756 ,-
326 1701 365 1746 sed
376 1713 419 1748 eur
429 1699 471 1745 hoe
482 1695 568 1756 rogos?
601 1696 693 1760 Affers,
702 1696 807 1756 inquom,
817 1693 849 1739 od
857 1705 909 1739 essm
920 1691 1044 1753 epistolem
1054 1691 1101 1752 ipsi
1111 1691 1223 1751 seriptum
1236 1705 1252 1736 ι
1261 1689 1353 1737 Demea

259 1763 391 1812 Corinthio.
426 1762 532 1824 Etpasto
551 1775 595 1823 me,
605 1760 691 1823 inquit,
704 1759 747 1806 tos
768 1757 819 1819 ipso
836 1753 863 1802 t's
881 1756 939 1818 ioco,
955 1754 1052 1804 interim
1069 1756 1125 1803 ism
1139 1753 1189 1802 itoec
1202 1752 1248 1816 ipsi
1263 1750 1352 1810 rq'ero.

712 1897 756 1917 eu
759 1897 892 1918 ueneno

256 1999 421 2066 tumfirmiter.
437 1999 510 2049 cuv.
538 1998 634 2048 Confer
646 1998 797 2058 Lucisnum,
808 2014 841 2047 ex
854 2013 904 2062 quo
917 1998 949 2048 sd
961 1998 1069 2047 verbum
1080 1999 1138 2046 trec
1155 2002 1289 2046 mutustus
1307 2003 1350 2045 est

255 2066 401 2129 Appuleius
417 2071 514 2113 noster.
534 2063 608 2111 Rom.
621 2063 691 2112 Bert.
702 2073 728 2111 et
742 2062 802 2111 Atd.
815 2063 931 2125 firmiter.
949 2063 1163 2112 Einrenirorstius.
1197 2062 1266 2110 Item
1280 2060 1349 2110 Edu.

254 2131 313 2179 vic.
336 2131 397 2177 Ber.
419 2128 491 2178 Jont.
514 2135 580 2188 post.
600 2127 693 2175 crebre
714 2126 865 2175 satistione.
900 2125 972 2173 Fores
991 2128 1077 2174 exutst
1095 2141 1110 2175 s
1128 2127 1215 2174 Psist.
1234 2127 1351 2174 Osse—4

255 2195 355 2256 iuquam
376 2193 450 2241 abest
471 2205 486 2238 s
504 2191 692 2252 Munuscripto.
715 2191 792 2250 Vuig.
812 2195 836 2238 et
843 2191 923 2250 potius
941 2191 1063 2250 responde,
1082 2206 1114 2238 us
1134 2191 1200 2238 intre
1217 2190 1287 2250 edes,
1307 2191 1350 2248 ise.

255 2259 370 2308 Cottius.
389 2257 427 2304 M.
444 2255 463 2303 i.
481 2255 595 2316 omisere,
612 2259 636 2303 et
652 2254 731 2316 potius
749 2255 920 2315 respondens,
932 2256 972 2316 ise.
985 2253 1086 2301 Bertin.
1118 2253 1230 2312 Meliora,
1244 2253 1351 2315 inquom,

254 2321 360 2378 sonnino,
370 2324 393 2367 et
402 2319 481 2381 potius
490 2318 589 2378 respiro.
624 2318 673 2367 liis
692 2319 740 2379 dic,
759 2332 799 2364 sm
819 2318 927 2377 ignorat.
954 2317 993 2364 Ex
1012 2317 1060 2375 iris,
1072 2323 1100 2365 ut
1117 2317 1239 2375 srbitror,
1259 2329 1349 2364 rernm

254 2385 405 2445 scripturam
425 2382 545 2444 expressi·
567 2381 703 2430 Wmoesius.
738 2381 802 2428 Fux.
816 2381 851 2428 Et
868 2381 947 2443 potius
962 2395 984 2427 r.
1004 2382 1042 2428 dic
1063 2396 1113 2441 oro,
1129 2397 1160 2430 ns
1179 2381 1253 2429 istro.
1270 2379 1349 2428 Rosi-

254 2447 311 2495 dus.
345 2446 417 2508 Lego
429 2459 460 2492 ex
473 2445 546 2493 Bert.
570 2445 943 2506 Melioro‚isqsom,somiso‚et
962 2444 1040 2505 potius
1050 2447 1173 2506 responde,
1183 2460 1222 2493 en.
1240 2444 1348 2504 Sciopp.

254 2510 281 2558 iu
298 2510 386 2572 Symb.
405 2509 481 2572 susp.
501 2509 573 2557 Lert.
593 2521 635 2558 ιιι.
652 2512 693 2557 tu.
731 2507 817 2570 Mogis
836 2509 924 2570 piscet
942 2508 1042 2556 Bertini
1060 2509 1164 2558 Codicis
1184 2506 1277 2556 tectio:
1296 2507 1350 2556 Me·

253 2575 322 2636 tiore,
348 2573 454 2635 inquom,
482 2572 584 2628 nemius,
606 2577 629 2619 et
654 2572 732 2634 potius
751 2574 871 2632 responde,
895 2586 927 2618 on
952 2572 1017 2619 istro
1038 2575 1107 2621 odes.
1131 2571 1347 2621 Eimenlrorstius.

251 2637 345 2687 Benrb.
364 2637 421 2686 Mei.
431 2637 516 2698 inquit,
525 2635 654 2696 omisere,
672 2639 695 2684 et
711 2637 791 2697 potius
801 2637 921 2697 responde,
930 2650 961 2683 sn
970 2635 1015 2685 ist.
1032 2636 1114 2685 Deest
1124 2637 1163 2685 die
1173 2651 1222 2686 oro.
1234 2635 1348 2684 Puteun.

252 2708 300 2750 -5
319 2701 370 2749 Ms.
385 2703 413 2749 C.
426 2699 461 2748 D.
474 2702 533 2746 siro.
551 2699 666 2747 Cetrius.
699 2699 1006 2747 pinnarenuemasus.
1041 2701 1132 2749 Forte:
1156 2699 1246 2748 Demea
1263 2701 1346 2748 risum·

251 2766 311 2813 uiro.
343 2764 473 2824 Scriptum
487 2771 542 2810 erar
555 2773 656 2822 sturno,
673 2770 718 2810 sut
729 2761 791 2825 quid
804 2763 863 2810 tsie.
896 2763 1066 2824 Magistratus
1087 2771 1153 2824 eret,
1171 2764 1214 2828 qui
1230 2765 1346 2813 colomis

252 2834 281 2876 et
292 2827 442 2886 Municipiis
454 2833 575 2887 prmerst,
587 2842 601 2874 s
613 2839 719 2874 numero
730 2827 767 2874 its
786 2827 881 2875 dictus.
914 2827 1043 2875 Duumeir
1062 2827 1195 2877 Mndsurse
1212 2824 1263 2876 fuit
1278 2827 1348 2877 une·

253 2904 321 2950 seue,
333 2888 455 2952 Appuleii
467 2897 550 2950 puter.
561 2890 700 2940 Brenn-ti
717 2891 788 2938 Mete
798 2891 847 2938 ioec
862 2889 922 2940 ΑΜ.
933 2905 990 2939 coru
999 2906 1070 2954 seqq.
1082 2900 1179 2955 praeter
1190 2891 1348 2940 Wowerium

252 2954 342 3002 edidit.
376 2953 426 3001 Hic
438 2951 535 2999 hebent
548 2953 613 3000 Eud.
626 2954 718 3015 priscae
730 2962 757 3003 et
769 2953 833 3004 Mss.
847 2955 895 3001 nisi
908 2953 976 3014 quod
989 2963 1125 3018 utrumque
1145 2955 1191 3004 det
1208 2955 1307 3017 Regius
1317 2963 1346 3004 et

252 3017 317 3066 Fus-
341 3016 475 3077 Assiduae,
491 3015 575 3077 inquit,
593 3017 631 3064 iiic
642 3017 736 3066 ibidem.
769 3017 806 3066 At
825 3017 886 3065 vide
905 3018 1042 3067 Pricaeum.
1061 3021 1173 3068 osu—t
1192 3019 1344 3081 Elegantius

251 3080 337 3142 leges:
355 3081 473 3142 operitur.-
490 3079 556 3141 quod
569 3079 704 3140 significet,
720 3090 831 3143 expects
846 3089 873 3129 et
885 3083 1043 3142 prestolare.
1059 3082 1173 3132 Remota.
1208 3083 1345 3144 Oppesitor.

250 3144 294 3191 Sic
307 3145 366 3192 Ber.
383 3148 411 3191 et
427 3143 540 3191 seniores
552 3144 594 3191 slii
608 3144 675 3192 iibri.
695 3145 758 3192 Mss.
768 3145 948 3207 operimiuimo.
985 3145 1052 3194 Ven.
1063 3147 1211 3209 sperimisror.
1231 3146 1344 3196 Cotsius.

250 3207 349 3254 Tuetur
360 3213 472 3255 ueterem
492 3205 629 3255 tectionem
648 3207 816 3256 Becictremus
826 3208 993 3271 opperientem,
1004 3217 1032 3258 et
1043 3210 1076 3257 sd
1089 3210 1243 3273 Appuleium
1261 3209 1343 3258 isuru-

250 3271 354 3336 iumqne
365 3269 420 3334 ejus
431 3269 529 3320 dictum
540 3283 645 3320 numero
657 3271 828 3321 multitudinis
840 3278 924 3336 putet.
936 3273 1002 3322 Idem
1012 3273 1108 3323 issac
1127 3274 1239 3340 Operitor
1250 3273 1342 3323 Aldus.

738 3411 844 3465 NOTAE

250 3535 347 3585 oedibus
358 3533 424 3584 est?'
441 3533 533 3584 ‘Heus
545 3535 633 3600 ecquis
651 3535 691 3584 tric
708 3535 773 3584 esti’
815 3537 969 3600 praessginnr
1000 3544 1040 3588 est
1062 3539 1095 3588 sb
1117 3540 1202 3604 ulique
1213 3599 1217 3604 Ι
1230 3539 1341 3590 hominis

248 3612 363 3675 ‘Ecquis
373 3613 423 3661 hoc
433 3611 518 3675 sperit
529 3613 643 3660 ossium?
660 3613 773 3678 ‘Ecquis
814 3613 933 3674 sotione3
965 3614 1097 3664 locutione
1123 3621 1196 3677 puts,
1227 3615 1344 3676 incesso,

249 3687 331 3736 exiti’
774 3697 775 3700 ’
812 3689 1011 3750 sternutatione,
1021 3697 1066 3738 sut
1076 3689 1275 3753 similibus,quse
1288 3705 1341 3739 om-

279 3770 289 3794 ¹
305 3761 356 3811 Sub
373 3777 418 3826 quo
432 3763 506 3826 speeie
521 3763 626 3812 mutuari
642 3763 717 3826 cupis]
736 3763 771 3813 D.
811 3766 1042 3828 nissuperstitioss
1054 3764 1342 3830 untiquitssdiiigeuter

249 3838 421 3901 Hieronymus
441 3837 466 3886 iu
483 3838 645 3898 Macronem,
662 3842 772 3899 cup-21.
812 3839 976 3889 observsbst.
1017 3839 1154 3890 uncinum
1184 3839 1265 3889 serbo
1297 3842 1340 3892 hic

247 3913 255 3938 ⁴
275 3913 418 3962 Posuersnt
439 3912 629 3972 nummularios,
653 3912 696 3974 qui
717 3927 771 3959 mu·
812 3921 932 3976 tanosm
950 3914 1009 3963 msii
1026 3914 1118 3964 ominis
1131 3915 1225 3964 Lucius
1237 3929 1340 3965 sueres·

247 3993 317 4034 tusm
329 3986 376 4036 sub
388 3987 507 4036 csrrtioue
520 3986 612 4034 durent
625 3984 771 4048 peccuniam,
811 3995 863 4048 tur,
880 3997 917 4048 et,
934 3996 963 4037 ut
977 3989 1079 4052 proprie
1091 3989 1192 4052 ioqusr,
1207 3989 1341 4039 abomine-

248 4073 344 4121 proqne
376 4062 459 4110 usuris
493 4059 655 4122 accipiebsnt
686 4060 771 4108 uarius
810 4069 863 4124 tur,
875 4071 1013 4128 monetque
1025 4071 1054 4112 ut
1065 4064 1170 4112 meliors
1180 4063 1260 4115 diest.
1284 4065 1338 4116 Qut

246 4133 367 4196 species?
809 4152 864 4187 mos
876 4147 934 4188 eret
946 4140 1117 4203 entiquorum,
1127 4139 1337 4203 quotiescumque

278 4207 413 4271 ‘Meliore
431 4209 533 4272 inquom,
554 4211 668 4274 omisere]
684 4211 770 4262 Omen
811 4213 890 4262 uerba
908 4214 968 4263 muli
983 4213 1075 4263 ominis
1094 4213 1238 4264 srrdiersot.
1267 4215 1336 4264 Con·
