3000 4859
564 390 718 439 sennen
744 390 845 439 vrrs.
1197 376 1242 442 25

156 548 225 595 ram
254 534 293 595 ut
314 528 448 615 penitus
474 528 667 597 emendatus
693 537 729 595 et
752 531 962 614 incorruptus
984 532 1038 597 sit.
1085 531 1243 598 Ceterum

156 651 221 697 non
234 652 289 699 rue
302 632 390 716 fugit
401 632 588 698 damnatum
602 633 781 716 Apuleium
802 638 836 697 et
852 632 951 715 vulgo
971 633 1123 699 invisum.
1143 633 1244 699 Certe

158 736 218 799 sub
242 734 443 816 gravissimo
466 734 575 816 elogio
601 734 870 818 proscripserunt
891 734 1007 799 nescio
1029 736 1087 818 qni
1104 735 1244 800 ludima-

159 834 264 916 gistri,
290 836 446 920 cymbala
476 834 634 901 tanaticae
662 840 697 899 et
721 834 864 898 ebriosas
893 832 1092 917 juventutis,
1120 836 1244 918 quihus

159 936 241 1001 nihil
255 935 427 1019 pulchrum
451 940 511 999 aut
532 934 681 1019 probum,
698 933 763 998 nisi
776 933 865 1017 qnod
879 933 970 997 humi
983 941 1140 1019 serperet,
1153 935 1246 1018 quod

159 1039 279 1121 paucis
293 1036 512 1119 scriptoribus
534 1044 749 1119 usurpatum:
772 1053 818 1099 ex
838 1035 961 1117 quihus
975 1036 1132 1104 mendosa
1152 1056 1245 1120 quae·

160 1156 225 1221 qne
238 1145 273 1204 et
292 1138 444 1221 vulgaria
458 1137 500 1202 ad
513 1138 709 1203 imitandum
722 1137 878 1219 seligunt.
921 1136 1017 1215 lnde,
1027 1157 1104 1203 cnm
1114 1137 1248 1203 illorum

161 1240 288 1322 scripta
308 1238 466 1321 attigeris,
486 1238 584 1303 simul
605 1237 851 1303 commiseratio
866 1246 927 1303 aut
950 1257 1087 1304 somnus
1100 1239 1246 1322 obrepit,

160 1359 221 1406 nec
235 1359 314 1407 sane
335 1340 453 1407 mirum
467 1338 668 1405 fastidientis
683 1340 846 1405 stomachi
868 1340 946 1407 illos
966 1358 1051 1417 esse,
1077 1359 1164 1424 qnos
1186 1358 1247 1423 pe·

160 1442 290 1508 ritiores
317 1460 456 1509 censeas
484 1443 737 1521 comissatores,
766 1461 869 1525 quam
897 1446 1064 1507 oratorum
1090 1438 1247 1525 judicesz

161 1543 304 1627 ideoque
324 1562 438 1609 eornm
452 1542 636 1607 sententias
657 1542 683 1606 ii
708 1541 775 1606 soli
788 1546 995 1625 receperunt,
1010 1558 1096 1625 quos
1116 1559 1162 1605 ex
1174 1558 1248 1605 cra·

162 1645 243 1729 pnla
255 1645 374 1710 heluco
388 1649 567 1711 attentatus
580 1649 615 1709 et
628 1644 844 1728 semisopitos
852 1641 1103 1727 deprehendas3
1126 1641 1260 1707 sobriis.

163 1764 244 1811 vero
256 1766 324 1812 uon
337 1747 443 1829 magis
456 1744 677 1825 obhaesmuut,
700 1764 804 1829 quam
817 1744 1004 1811 helluonum
1019 1751 1144 1811 ructus.
1187 1742 1249 1807 Di·

162 1852 238 1913 cant
257 1868 346 1913 nuuc
369 1847 405 1911 in
426 1847 553 1932 primis,
568 1848 598 1913 si
623 1855 779 1932 possunt,
793 1847 927 1924 diserte,
941 1864 984 1911 an
1007 1848 1182 1929 quisquam
1206 1843 1250 1907 ah

162 1946 404 2015 Antoninorum
419 1968 494 2014 savo
508 1948 631 2027 extitit,
647 1950 704 2033 qui
715 1949 864 2033 Apuleio
876 1948 1063 2031 comparari
1078 1946 1251 2010 sustineat.

164 2047 261 2115 Certe
274 2051 413 2135 reliquis
427 2050 580 2115 omnibus
592 2052 872 2129 abstulitnomeu,
885 2057 922 2116 et
930 2068 1003 2116 sum
1013 2046 1174 2113 claritatis
1188 2044 1251 2110 iul·

165 2169 243 2233 gere
251 2152 406 2216 tenebras
421 2148 578 2215 obduxit.
600 2148 710 2228 Quam
725 2153 901 2233 eleganter,
916 2168 1016 2234 quam
1025 2149 1129 2231 perite
1137 2145 1250 2211 Philo·

165 2252 317 2335 sophiam
330 2251 431 2317 tradit
443 2252 452 2317 t
472 2256 629 2334 quantum
644 2269 784 2316 acumen
799 2248 1050 2316 sententiarum!
1071 2264 1148 2330 quse
1159 2246 1253 2311 iesti-

164 2354 254 2419 vitas
264 2352 546 2436 argumentorum!
568 2358 607 2416 ut
621 2358 754 2417 taceam
764 2368 925 2434 ungarum
938 2350 1023 2415 hunc
1035 2348 1164 2413 lancem
1174 2364 1253 2411 con·

164 2458 270 2521 ditum
284 2455 432 2539 antiquae
454 2459 489 2518 at
504 2472 571 2518 non
584 2452 731 2537 protritae
745 2452 903 2517 doctrinae
918 2468 1022 2515 succo
1037 2470 1047 2529 ς
1070 2448 1148 2532 quis
1161 2448 1254 2514 ‹leni-

167 2577 232 2641 que
240 2557 274 2621 iu
283 2556 428 2621 dictione
435 2555 542 2639 lepos,
552 2554 721 2639 perpetuis
730 2552 932 2635 imaginihus
943 2550 1107 2633 aspersis,
1121 2568 1255 2614 arnoena

166 2657 344 2723 etiloritlul
367 2656 434 2721 Sed
443 2654 720 2739 redundatatque
735 2652 912 2719 effunditur
924 2650 1136 2716 liherouimis
1149 2649 1256 2715 fluxu.

168 2758 287 2824 Habes
301 2756 394 2842 quod
406 2754 645 2840 reprehendam
660 2761 695 2819 at
709 2755 818 2838 copie
827 2753 947 2818 citium
963 2752 1046 2816 eritt
1061 2748 1256 2815 admiranda

167 2859 257 2925 enim
278 2861 314 2924 in
340 2856 543 2942 explicando
565 2855 725 2922 facundie
743 2862 779 2920 et
805 2854 958 2937 perennis
984 2851 1060 2917 sons
1081 2851 1257 2916 ubertatis.

169 2960 217 3026 At
244 2960 355 3027 verbis
383 2958 499 3023 audax
520 2962 554 3022 et
579 2957 759 3022 obsoletus.
803 2954 992 3037 Utrobique
1019 2958 1128 3017 tamen
1150 2950 1255 3015 felix:

168 3080 257 3140 narn,
270 3080 347 3146 quas
361 3080 405 3125 er
418 3078 507 3143 penu
521 3058 594 3143 ejus
615 3058 720 3142 petitu
734 3056 893 3134 videntur,
906 3059 1049 3119 excusat
1060 3050 1258 3135 significati·

169 3163 245 3228 onis
258 3162 457 3245 proprietas.
498 3159 583 3225 Sola
596 3159 765 3243 asperitas
779 3164 814 3223 et
826 3156 994 3223 affectate
1009 3152 1259 3237 compositionis

169 3262 283 3328 horror
296 3280 395 3328 aures
409 3260 529 3327 laedere
543 3265 692 3346 poterat:
714 3262 748 3325 iu
763 3279 830 3344 quo
844 3259 1000 3324 idoneum
1014 3256 1134 3339 patrias
1147 3262 1259 3337 patro·

169 3364 319 3429 ciuium:
341 3362 531 3446 peregrinus
559 3361 665 3427 literis
692 3359 858 3427 Romanis
898 3356 1076 3441 Apuleius,
1097 3360 1131 3419 et
1157 3353 1259 3434 hieu

170 3463 293 3547 quihus
305 3462 473 3546 peculiare
495 3462 559 3528 fuit
572 3463 704 3527 vincere
729 3460 878 3525 acumine
903 3463 938 3522 et
964 3455 1147 3521 sententiis.
1191 3453 1260 3518 Oh-

171 3563 371 3630 servandum
389 3570 501 3628 antem
515 3564 675 3629 incultum
688 3561 774 3627 hanc
790 3566 826 3625 et
849 3559 966 3624 duram
980 3556 1127 3642 phrasim
1139 3558 1261 3641 praeci·

170 3684 236 3749 pun
257 3664 392 3730 obmam
413 3663 449 3727 in
469 3662 565 3729 libris
579 3662 908 3746 Metamorphoseon.
950 3659 1142 3725 Excusabit
1162 3662 1262 3744 igitur

171 3772 206 3833 et
232 3772 468 3850 argumentum,
495 3765 599 3849 qaod,
625 3765 750 3831 vanum
772 3771 809 3829 ct
830 3761 1000 3847 jocosum
1028 3761 1261 3827 involvendum

170 3867 235 3932 luit
255 3867 372 3950 pingui
392 3866 457 3930 hac
475 3870 508 3931 et
521 3864 698 3949 squalenti,
722 3869 760 3929 ut
773 3865 823 3929 ita
838 3863 961 3940 dicam,
974 3863 1125 3928 lucerua:
1147 3868 1262 3943 quaet

172 3966 337 4035 Varronis
365 3966 581 4051 Menippeas,
610 3972 644 4032 et
666 3966 826 4031 Martiaui
856 3963 1006 4047 Capellae
1035 3958 1151 4039 Artes,
1178 3982 1262 4047 quas

173 4069 286 4135 Satira
299 4066 449 4133 dictante
463 4072 672 4151 conceperat,
697 4066 862 4131 incinctae
882 4062 1012 4127 mdeas.
1055 4061 1172 4126 Sotium
1186 4080 1263 4145 ergo

173 4170 284 4238 inerat
319 4169 401 4236 vitia
434 4170 508 4235 haec
536 4166 671 4252 Apuleii
704 4167 834 4233 erudita
853 4163 1123 4247 interpretatione
1144 4163 1265 4241 levare,
1323 4228 1328 4237 ,
