3000 4859
275 380 320 445 86
564 389 794 441 rusrrnosrr
819 390 870 439 ou
892 390 1069 442 tenuato.

628 538 725 603 ldem
741 534 800 601 lib.
814 543 975 619 κιαι).
989 536 1022 599 7.

319 658 418 723 Peun
433 661 626 740 perpetuum
648 652 870 719 eruditionum
886 660 941 716 est
955 650 1189 714 Madaureusis
1202 646 1361 714 Philoso-

275 760 384 861 phus;
404 757 492 821 unde
505 776 568 821 uec
581 757 698 821 mirum
713 760 792 838 post
803 760 852 831 tot
860 753 1001 816 aliorum
1010 753 1253 817 observationes
1262 752 1360 815 nobis

274 878 393 926 novam
407 858 524 923 talium
537 876 680 921 messem
695 854 842 939 quotidie
852 872 1072 918 succrescere.
1115 851 1220 916 Scioli
1233 858 1267 915 et
1279 850 1360 916 deli·

274 968 363 1026 natm
394 958 485 1023 uaris
521 958 669 1040 magistri
705 956 864 1021 aliorsum
896 962 1033 1039 pastum
1060 972 1154 1018 suum
1183 952 1360 1036 quesitum

276 1065 415 1128 abeant:
448 1080 511 1127 nos
535 1062 719 1125 institutum
743 1058 818 1141 ejus
844 1056 1031 1121 innectendi
1059 1056 1222 1140 promtius
1248 1070 1360 1139 peme-

274 1181 424 1247 qnemur.

499 1300 593 1365 Idem
608 1300 667 1364 lib.
684 1314 789 1362 xsvr.
804 1316 877 1382 cap.
891 1298 944 1362 16.
958 1297 993 1361 in
1003 1297 1124 1362 medio.

315 1444 362 1509 Et
383 1440 559 1525 Apuleius,
580 1440 794 1525 proprietatis
817 1438 947 1505 htinoe
969 1443 1100 1503 emator
1119 1437 1263 1502 eximius
1283 1439 1357 1520 (qni

271 1541 443 1627 splendide
465 1542 621 1605 mentitus
641 1544 693 1603 est
713 1540 748 1602 in
763 1538 930 1603 Prooemio
945 1540 996 1603 sui
1016 1537 1149 1621 Operis,
1165 1536 1208 1600 de
1222 1555 1264 1601 ea
1276 1536 1357 1601 Liu-

271 1660 338 1727 gua
357 1661 379 1706 n
399 1660 437 1705 se
459 1660 640 1709 erumnose
655 1644 827 1723 percepto,
841 1646 877 1703 et
890 1638 1064 1705 difficulter
1078 1637 1266 1716 scribenda,
1280 1656 1357 1702 cnm

271 1743 404 1807 affectet
418 1738 670 1823 semipoeticnm
686 1738 846 1803 dictionis
857 1758 971 1820 genus,
985 1744 1018 1802 et
1032 1739 1179 1803 fabulam
1188 1738 1264 1822 ipsa
1278 1738 1357 1822 styli

270 1842 420 1907 novitate
455 1840 685 1905 commendare
722 1838 879 1923 voluerit)
907 1839 1162 1922 ‘sempiternum
1196 1838 1357 1905 uiciniam

271 1940 399 2017 amnis,'
413 1940 499 2005 dixit
512 1939 570 2003 lib.
585 1957 610 2003 1.
624 1938 884 2021 Metamorphos.
899 1938 958 2003 tro.

311 2043 372 2120 (Et
392 2043 477 2107 loeis
500 2041 578 2106 aliis
603 2041 784 2105 innumeris
807 2040 909 2105 totins
931 2038 1055 2121 Operis
1080 2036 1355 2105 Adversariornm

269 2144 382 2209 varios
397 2141 533 2225 Apuleii
549 2140 647 2207 locos
663 2140 844 2218 illustrans,
859 2138 934 2224 ejus
948 2139 1134 2205 honorilice
1154 2139 1328 2224 meminit)

309 2318 429 2387 Justus
445 2323 581 2405 Lipsius
590 2322 845 2405 Epistolicarum
854 2320 988 2399 Quen.
1001 2320 1060 2386 lib.
1077 2338 1117 2385 ιι.
1132 2291 1242 2405 Epist.
1256 2322 1311 2386 22.

310 2456 384 2537 Ego
407 2473 486 2519 vero
514 2454 651 2537 Apuleii
672 2452 850 2517 lectionem
872 2452 1109 2518 abhorrendam
1131 2473 1198 2517 uon
1219 2472 1355 2533 censeo,

268 2554 428 2641 quicquid
443 2554 500 2619 isti
515 2554 557 2620 de
571 2552 723 2636 Arpinati
737 2552 854 2619 schole
868 2553 1013 2618 investes
1028 2554 1122 2636 pueri
1135 2554 1259 2619 dicant.
1296 2554 1355 2619 Ci-

266 2674 418 2720 ceronem
430 2653 656 2719 admirenturt
679 2652 811 2718 Laude.
845 2652 890 2717 Et
902 2654 1032 2717 scilicet
1043 2672 1105 2717 nos
1112 2672 1156 2717 eo
1170 2654 1273 2719 modo
1289 2674 1356 2719 non

267 2756 474 2837 scripsimus,
499 2761 560 2817 eut
581 2754 723 2817 seribere
741 2772 840 2831 nunc,
862 2754 893 2817 si
914 2772 966 2818 res
979 2753 1077 2831 ferat,
1092 2772 1159 2817 non
1171 2756 1353 2837 possimus.

267 2854 333 2919 Sed
347 2874 412 2917 uon
428 2854 492 2919 hoc
506 2854 623 2935 agitur.
667 2852 720 2929 Et,
731 2858 771 2916 ut
786 2852 860 2916 dem
874 2851 943 2917 illis
967 2853 1009 2916 ad
1024 2853 1245 2935 eloquentiam
1260 2852 1355 2919 Cice·

265 2972 381 3019 ronam
389 2954 524 3017 unicum
536 2971 623 3028 esse,
640 2950 868 3032 intelligerent
881 2972 1000 3036 sapere
1014 2958 1187 3018 temeuest
1199 2953 1353 3019 amultis.

266 3052 480 3135 Quanquam,
502 3050 597 3115 illum
610 3052 719 3133 ipsum
735 3050 874 3134 Apuleii
889 3054 1013 3136 stylum
1027 3052 1119 3137 quod
1133 3058 1354 3131 contemnunt,

264 3152 382 3217 vellem
397 3152 540 3234 parcius.
584 3152 629 3216 Et
642 3170 758 3217 eamus
772 3152 815 3215 ub
830 3154 906 3219 istis
920 3153 1096 3237 discipulis
1109 3152 1297 3237 adjudices
1307 3171 1354 3218 ex

264 3250 353 3333 Iege
375 3250 538 3333 Pompeia
560 3252 695 3332 triginta
718 3270 885 3317 armornm.
928 3254 1094 3337 Tumidus
1118 3254 1274 3332 fortasse,
1295 3275 1353 3320 ve·

264 3350 411 3433 grandis,
426 3357 459 3415 et
473 3350 636 3415 affectetis
652 3352 822 3432 elegantiae
836 3354 976 3436 scriptor
988 3363 1058 3419 est:
1081 3361 1117 3419 at
1131 3361 1220 3421 certe
1230 3356 1353 3420 doctus

261 3451 376 3515 literas
391 3457 544 3529 etmores
557 3459 699 3530 ueteres,
714 3452 790 3517 etin
802 3473 954 3519 sermone
964 3454 1041 3537 ipso
1054 3453 1168 3521 Plauti
1182 3456 1219 3519 in
1231 3456 1352 3538 primis

262 3549 420 3615 imitetur.
456 3550 577 3633 Itaque
592 3551 651 3615 ille
664 3554 780 3617 nescio
796 3554 872 3637 quis
888 3552 1094 3631 Rhetorista,
1110 3555 1169 3638 qui
1182 3554 1298 3619 rudere
1311 3556 1353 3619 il·

262 3649 332 3713 lum
351 3649 449 3728 dixit,
463 3670 532 3714 non
546 3652 650 3735 loqui,
664 3654 783 3735 probet
795 3654 891 3737 prius
906 3654 947 3719 de
962 3654 1100 3734 Plauto,
1114 3663 1149 3721 ot
1163 3654 1295 3720 credam
1308 3655 1351 3719 de

262 3747 423 3833 Apuleio.
466 3750 533 3815 Sed
545 3750 629 3816 Aser
642 3753 697 3817 ifle
711 3753 787 3834 suit,
801 3762 834 3820 ct
848 3762 899 3821 est
922 3757 1078 3822 nimirum
1096 3758 1197 3822 etiem
1215 3758 1351 3823 nuncin

261 3848 362 3917 Italia
376 3850 488 3915 odium
504 3850 694 3932 Poenorum,
708 3856 768 3919 tm.

517 4008 613 4074 Idem
626 4010 686 4074 lib.
699 4008 890 4077 Electomm
905 4029 930 4076 r.
945 4030 1024 4095 cap.
1037 4010 1091 4077 18.

305 4120 438 4205 Apuleii
452 4126 605 4207 graviora
626 4126 780 4207 quasdam
797 4128 942 4194 interere
956 4129 1034 4194 lrnic
1058 4128 1166 4212 capiti
1180 4122 1351 4209 coustidri,
