3000 4859
558 379 711 431 sruunrr
738 382 840 435 vrrs.
1200 370 1245 436 28

152 528 231 587 erat
276 522 393 588 Divus
413 521 642 606 ¹Hieronymus
661 524 762 589 refert
779 524 976 590 Melitonem
986 525 1152 592 Asianum
1165 527 1244 593 Sar·

152 622 287 689 densam
296 624 507 707 Episcopum
517 626 691 708 reliquisse
702 624 855 711 Ἐκλογῶν
864 627 972 692 libros
985 628 1017 691 6.
1040 628 1159 694 Electa
1166 648 1244 713 ergo

151 724 253 790 Plinii
269 732 304 791 et
319 723 460 811 Ἔκλογα
485 726 659 793 Melitonis
682 736 757 794 sunt
772 730 811 793 rol
831 727 933 814 lrlpd
957 730 1244 813 Harpocrationis.

152 826 278 893 Scribit
308 829 395 892 enim
421 827 544 893 Suidas
580 829 883 913 Harpocrationem
911 831 1092 913 scripsisse
1112 829 1244 917 'Ariagne

154 927 342 1015 Συναγωγῆν.
386 928 472 1008 Quis
485 932 616 1011 ignorat
629 934 872 1015 posterioribus
888 931 1077 996 ‘deflorare'
1089 931 1242 1012 ἄξανθίζιιν,

153 1032 224 1095 sire
246 1033 288 1092 sal
299 1030 434 1119 χρήσιμα
449 1034 648 1115 excerperel
672 1033 772 1117 Saepe
786 1034 929 1098 occurrit
942 1032 1015 1097 bac
1027 1052 1096 1098 vox
1107 1036 1143 1098 in
1158 1035 1242 1101 Gas-

152 1133 300 1210 siodoro,
316 1134 460 1216 aliisque
477 1134 551 1218 ejus
567 1136 643 1199 aevi.
687 1135 732 1199 Et
746 1133 1023 1200 ‘Dedoratorum’
1035 1134 1110 1199 libri
1124 1134 1243 1210 inscri-

151 1235 285 1312 buntur,
298 1236 334 1298 in
348 1237 470 1318 quibus
481 1238 584 1301 variae
599 1236 775 1301 Ciceronis
785 1238 992 1318 aliorumque
1004 1238 1114 1321 χρεῖαι.
1144 1235 1241 1301 ‘Flo-

150 1335 231 1400 rida’
246 1335 350 1419 igitur
370 1344 447 1403 sunt
458 1340 497 1399 rol
508 1334 638 1424 strips.
669 1339 737 1403 ‚lta
751 1338 871 1403 Electa
885 1356 931 1401 ex
946 1338 1050 1401 veteri
1066 1335 1241 1402 Polimatio

152 1442 367 1522 excerptores
390 1438 633 1523 inscripsemnt
659 1439 857 1505 ‘Floridnm
886 1438 929 1501 de
950 1437 1109 1521 qualitate
1132 1434 1240 1503 vitre?

151 1538 252 1621 plane
266 1538 370 1604 simili
391 1540 501 1604 indice
524 1548 560 1605 et
585 1541 732 1605 materia.
776 1540 838 1605 Est
864 1540 948 1603 enim
971 1538 1077 1604 Cento
1098 1537 1240 1622 plurium

151 1658 312 1705 versuum
337 1642 552 1707 concinnatus
582 1660 626 1705 ex
650 1642 777 1724 integro
791 1638 953 1724 poenam
996 1638 1089 1704 Satis
1102 1639 1187 1723 jam,
1203 1644 1241 1705 nt

150 1742 301 1820 arbitror,
322 1734 454 1807 constat
473 1741 554 1825 quid
570 1740 777 1805 Floridorum
792 1741 910 1806 titulus
923 1746 1028 1818 notet,
1044 1760 1143 1824 quem
1159 1760 1239 1807 con-

150 1843 337 1907 venientam
351 1842 404 1906 bis
432 1841 626 1925 fragmentis
648 1843 816 1909 fateantur
843 1860 985 1906 necesse
1006 1847 1059 1906 est
1081 1843 1140 1925 qui
1163 1842 1239 1926 ipsa

148 1944 250 2007 verba
263 1942 513 2008 considerarint
541 1942 632 2007 Vera
645 1943 719 2009 baec
734 1949 870 2027 praesto,
884 1960 953 2006 non
966 1962 1042 2007 mea
1053 1942 1236 2007 assertione

149 2062 210 2108 nec
224 2042 302 2121 lide,
324 2042 384 2107 sed
399 2044 535 2127 proprio
547 2042 864 2127 cujusquejudicio.
887 2042 1013 2108 Omnes
1021 2043 1056 2106 in
1069 2061 1137 2106 rem
1150 2035 1236 2125 prae'·
1263 2128 1271 2137 θ

150 2150 275 2209 sentem
288 2163 390 2222 voco,
405 2145 506 2229 atque
521 2151 558 2209 ut
577 2147 686 2227 ipsam
699 2146 883 2210 orationem
898 2144 1038 2227 ejusque
1053 2160 1237 2208 connexum

148 2244 228 2308 fixis
242 2245 353 2310 oculis
368 2246 563 2323 intueantur,
578 2264 667 2327 rogo.
709 2244 855 2309 Audebo
865 2245 994 2308 interim
1004 2251 1152 2325 repetere
1165 2261 1236 2308 ver-

149 2346 193 2410 ba
212 2347 340 2430 antiqui
357 2348 504 2431 pictoris,
519 2348 588 2431 qui,
602 2365 676 2412 cum
698 2346 920 2411 intellexisset
941 2344 1105 2409 Helenam
1121 2343 1236 2409 Zeux-

148 2446 215 2509 idis
237 2466 258 2511 a
273 2448 415 2530 quodam
430 2449 607 2525 contemni,
621 2448 731 2532 petiit,
745 2454 784 2512 ut
804 2447 876 2511 suis
900 2447 936 2510 in
956 2465 997 2510 ea
1011 2446 1236 2529 contemplan-

148 2546 191 2612 da
212 2549 323 2612 oculis
343 2550 543 2627 intueretur3
566 2548 685 2611 abesse
705 2567 770 2612 non
794 2567 907 2631 posse,
934 2549 1015 2629 quin
1042 2546 1189 2612 divinam
1203 2552 1236 2612 et

147 2649 317 2731 pulchram
346 2658 504 2715 cerneret.
559 2648 697 2713 Utinam
726 2648 923 2733 parimodo
950 2648 1173 2730 impetrarem,
1195 2653 1234 2712 nt

147 2752 248 2815 animi
273 2752 339 2816 mei
371 2752 489 2816 obtutu
511 2751 586 2817 haec
611 2749 821 2815 considerare
849 2746 1072 2830 dignarentur!
1107 2747 1234 2812 nullius

147 2854 334 2919 auctoritas
347 2853 503 2917 rationem
512 2853 666 2926 vinceret,
677 2867 736 2913 nec
744 2848 835 2931 longi
846 2847 1007 2931 temporis
1021 2847 1232 2930 prescriptio

145 2956 248 3021 errori
262 2954 451 3019 inveterato
473 2952 696 3036 patrocinium
718 2955 903 3034 praestaret
946 2948 1108 3032 Equidem
1133 2948 1234 3013 miror

145 3058 230 3123 inter
243 3054 459 3121 toteruditos
484 3052 623 3137 Apuleii
642 3054 841 3136 interpretes
864 3049 1026 3115 neminem
1048 3048 1233 3113 advertisse

122 3156 125 3160 ’
146 3159 291 3225 collecta
313 3157 387 3221 haec
417 3155 553 3221 Florida
575 3152 740 3217 incondite
769 3152 948 3216 coaluisse.
990 3148 1156 3213 Nimirum
1170 3148 1234 3212 boc

144 3264 275 3345 poterat
287 3264 442 3341 receptus
457 3276 557 3333 error,
571 3267 609 3319 ut
618 3256 671 3319 vel
682 3259 778 3318 acute
791 3252 1000 3317 cernentibus
1013 3250 1232 3332 caliginosam

144 3362 309 3429 ceecitatis
323 3360 442 3423 nubem
460 3356 658 3423 offunderet!
690 3355 833 3431 Etenim,
850 3354 881 3418 si
895 3354 994 3418 toties
1014 3352 1136 3436 injuria
1150 3348 1231 3414 coeli

143 3464 304 3547 impedita
328 3460 479 3525 recitatio
506 3464 569 3535 est,
593 3456 724 3547 quoties
750 3474 857 3519 sermo
881 3452 1074 3530 intercisus3
1108 3450 1231 3515 Jovem

143 3562 303 3629 Pluvium
322 3560 421 3626 valde
432 3560 563 3637 iratum,
578 3558 681 3621 immo
696 3554 939 3640 implacabilem
957 3552 1117 3631 babuisse
1133 3550 1230 3633 apra

143 3664 244 3730 leium
260 3662 459 3728 credendum
476 3667 539 3725 est.
583 3660 620 3723 Si
637 3660 734 3724 toties
758 3658 880 3723 diversi
902 3674 1000 3721 casus
1019 3656 1231 3729 intervenere,

143 3768 200 3850 qui
215 3766 433 3831 disserentem
456 3763 650 3843 abegerunt,
664 3758 797 3843 quoties
818 3759 960 3839 abrupta
979 3755 1109 3835 oratio;
1131 3754 1229 3836 plane

141 3867 355 3949 inauspicato
370 3865 413 3930 ad
433 3864 608 3929 dicendum
632 3866 833 3925 accesserat.
876 3858 922 3922 Et
943 3857 1133 3921 maluissem
1154 3872 1230 3937 pro-

142 3968 230 4033 lecto
247 3965 357 4031 semel
383 3964 457 4031 heac
479 3983 635 4042 asserere,
661 3980 762 4047 quam
790 3960 956 4039 suadere3
977 3958 1007 4022 si
1032 3975 1092 4040 per
1115 3972 1228 4018 eorum

143 4067 373 4133 morositatem
394 4069 520 4145 liceret,
536 4066 606 4150 qui,
630 4063 789 4131 stimulati
808 4060 983 4127 ambitione
997 4054 1162 4140 φιλοδοξίας,
1174 4054 1229 4119 rel

143 4188 233 4235 mero
266 4167 407 4235 meridie
434 4169 543 4235 lucere
572 4174 700 4250 negant.
744 4162 778 4230 A
798 4163 918 4247 quibus
943 4159 1023 4244 quid
1051 4173 1228 4243 expectem
