3000 4859
233 364 277 431 28
523 372 757 425 rns'rrueura
781 372 832 444 nrt
854 372 1031 423 euenere.

488 542 706 611 Marcellinus
717 543 761 610 ad
777 541 1066 627 D.Aegustinum.
1107 528 1112 531 ’

280 662 350 730 Sed
364 668 472 729 tamen
487 662 584 727 ctiam
600 682 661 745 ege
681 663 717 726 in
741 662 804 727 hac
828 667 936 746 purte,
959 662 1039 745 quis
1059 660 1211 745 plurimis
1232 660 1326 743 quic-

237 765 317 850 quid
333 763 542 848 rescripseris
557 762 763 847 profuturum
776 781 854 826 esse
869 760 1011 840 confide,
1029 768 1190 845 peccator
1212 780 1326 826 uoces·

237 869 351 949 serim3
372 873 409 932 ut
430 865 515 930 adse
539 864 728 947 vigilantius
750 863 951 948 respondere
976 862 1133 944 digneris,
1147 863 1182 925 iu
1203 863 1327 945 quihus

237 970 320 1036 nihil
349 969 441 1035 aliud
470 967 661 1046 Dominum,
682 988 784 1053 quam
806 967 867 1033 alii
891 968 1042 1033 homiues
1070 968 1180 1033 facere
1208 972 1326 1049 potue·

237 1078 328 1150 runt,
341 1071 459 1136 iecisse
473 1070 526 1135 vel
545 1068 669 1152 legisse
681 1069 883 1134 mentiuntur
898 1089 907 1132 t
931 1067 1147 1152 Apollonium
1161 1066 1329 1150 siquidem

155 1220 165 1244 .
238 1191 336 1237 sunm
349 1172 458 1251 uehis,
481 1176 516 1236 et
530 1168 722 1254 Apuleium,
741 1169 892 1253 aliosque
912 1167 1059 1251 Magicaa
1075 1168 1158 1233 artis
1175 1166 1328 1233 hemines
1419 1196 1429 1209 ·

238 1275 275 1339 in
290 1274 434 1338 medium
449 1272 635 1359 proferunt,
649 1290 790 1355 querum
810 1270 940 1355 majora
953 1268 1160 1335 centendunt
1173 1268 1328 1333 extitisse

238 1375 409 1441 miracula.

474 1508 519 1574 D.
537 1506 739 1591 Augustinus
756 1507 799 1572 ad
813 1508 920 1585 illum,
933 1506 1038 1591 Epist
1052 1526 1087 1571 v.

284 1625 374 1705 Quis
390 1633 500 1691 autem
512 1626 569 1691 uel
584 1627 652 1691 risu
667 1625 803 1709 dignum
828 1644 894 1692 non
916 1631 1022 1711 putet,
1043 1626 1134 1709 quod
1156 1620 1332 1709 Apelloni-

241 1746 309 1805 um,
325 1733 359 1793 et
372 1727 565 1811 Apuleium,
593 1734 786 1813 celeresque
808 1730 927 1793 mum
949 1726 1155 1809 Magicarum
1169 1722 1333 1809 peritissi-

239 1846 310 1893 mos
324 1828 468 1905 conferre
478 1829 620 1908 Christe,
637 1829 691 1896 vel
704 1830 804 1894 etiam
819 1827 976 1913 preferre
990 1826 1178 1895 conanturl

704 1986 749 2052 Et
762 1994 843 2073 pest
856 2007 866 2054 t

289 2120 452 2205 Apuleius
474 2122 571 2201 enim,
600 2130 640 2188 ut
665 2123 708 2188 de
730 2122 791 2189 illo
820 2124 1033 2208 potissimum
1060 2123 1251 2207 loquamur,
1273 2119 1334 2202 qui

242 2223 342 2289 nobis
362 2222 457 2290 Afris
471 2222 555 2289 Aser
567 2226 688 2304 notior,
705 2244 769 2290 nen
791 2225 867 2291 dico
889 2225 933 2290 ad
955 2245 1103 2310 reguum,
1125 2224 1189 2290 sed
1209 2242 1274 2289 nec
1292 2220 1337 2285 ad

244 2324 393 2407 aliquam
407 2324 543 2407 quidem
552 2323 770 2407 judiciariam
784 2330 992 2409 potestatem
1005 2345 1082 2390 cum
1095 2325 1251 2390 omuibus
1264 2322 1336 2387 suis

246 2422 391 2505 Magicis
404 2424 530 2487 artibus
546 2426 656 2507 potuit
668 2426 860 2508 pervenire:
881 2424 1023 2491 honeste
1035 2426 1152 2512 patriae
1175 2443 1247 2489 suae
1259 2422 1338 2487 lece

246 2531 357 2603 natus,
372 2530 406 2589 et
418 2524 599 2591 liberaliter
611 2525 785 2605 educatus,
797 2545 983 2610 magnaque
1004 2526 1165 2613 praeditus
1180 2528 1339 2609 cloquen-

246 2627 305 2693 tie.
347 2624 403 2692 An
427 2627 510 2691 terte
533 2627 610 2704 ista,
633 2632 671 2691 ut
694 2626 934 2710 Philosophus,
955 2628 1125 2693 voluntate
1151 2626 1339 2703 contemsit,

246 2728 304 2811 qui
318 2728 476 2793 sacerdos
491 2727 681 2793 Provincia
695 2747 757 2811 pre
773 2748 893 2811 magno
905 2729 988 2811 ioit3
1008 2738 1049 2794 ut
1061 2748 1200 2794 munera
1213 2728 1341 2804 ederet,

247 2833 488 2911 venatoresque
515 2829 662 2909 vestiret,
699 2838 734 2896 et
768 2850 831 2914 pre
853 2835 964 2897 statua
989 2831 1055 2895 sihi
1075 2830 1167 2914 apud
1195 2828 1342 2893 OEenses

247 2927 403 3005 locanda,
414 2948 459 2993 ex
473 2948 541 3013 qua
555 2930 688 2997 civitate
701 2932 846 2997 habehat
863 2951 1014 3011 uxorem,
1031 2932 1194 2997 adversus
1210 2936 1343 2996 conha-

250 3028 428 3093 dietienem
443 3028 648 3114 quorundam
672 3031 799 3097 civium
820 3032 983 3115 litigarett
1007 3032 1107 3112 Quod
1127 3039 1285 3116 posteros
1299 3050 1343 3095 ee

248 3127 377 3206 lateret,
403 3128 550 3212 ejusdem
573 3131 642 3197 litis
671 3130 865 3197 Orationem
890 3135 1048 3217 scriptam
1068 3133 1236 3197 memoriae
1251 3151 1344 3197 ceru-

250 3229 432 3295 mendavit.
476 3229 581 3309 Quod
593 3251 671 3315 ergo
691 3232 735 3299 ed
749 3233 852 3297 istam
865 3238 1026 3299 terrenam
1041 3234 1185 3318 pertinet
1196 3233 1346 3297 felicita·

250 3334 327 3407 tem,
341 3328 407 3394 fuit
428 3350 567 3415 magnus
582 3333 692 3416 quoad
715 3335 840 3419 potuit.
884 3332 981 3399 Unde
1003 3340 1242 3416 apparatuum
1263 3332 1347 3397 nihil

252 3430 396 3514 amplius
432 3432 551 3513 fuisse,
586 3454 656 3501 non
692 3438 772 3520 quia
796 3436 916 3516 uetuit,
939 3436 1000 3502 sed
1028 3434 1108 3518 quia
1130 3452 1194 3497 neu
1222 3434 1348 3516 potuit.

255 3528 455 3614 Quanquam
471 3539 507 3598 et
521 3533 684 3600 adversus
698 3536 874 3620 quosdam,
888 3538 945 3620 qui
955 3538 986 3602 ei
1002 3535 1208 3619 Magicarum
1223 3534 1348 3599 mum

254 3628 379 3695 crimen
392 3630 609 3711 intenderant,
625 3634 893 3718 eloquentissime
906 3656 944 3701 se
960 3635 1120 3701 defendit.

482 3812 579 3879 Idem
592 3815 636 3880 ad
649 3816 862 3903 Deogratias,
875 3820 985 3905 Epist.
1001 3836 1115 3888 xatus.

270 3938 279 3962 '
298 3946 343 4013 Et
355 3954 468 4013 temen
482 3948 513 4013 si
531 3950 607 4029 hee,
634 3953 723 4035 qued
745 3954 789 4019 de
809 3953 902 4020 Jona
920 3956 1079 4040 scriptum
1096 3962 1161 4033 est,
1177 3956 1354 4041 Apuleius

257 4044 502 4129 Madaurensis,
511 4051 565 4115 vel
578 4050 779 4135 Apollonius
788 4052 1072 4139 Tyaneusiecisse
1080 4055 1252 4138 diceretur,
1264 4080 1354 4144 quo-

256 4148 528 4217 mmmultamira
538 4150 630 4217 nullo
639 4150 730 4217 fideli
738 4158 871 4219 auctore
878 4154 1044 4240 jactitant,
1053 4159 1208 4238 quamvis
1221 4166 1257 4226 et
1268 4161 1357 4227 Dae·
1405 4203 1411 4211 ·
