3000 4859
244 356 288 421 24
641 368 797 419 uruusrr
821 368 924 417 vrrs.

244 517 310 583 nisi
345 533 520 599 operosum
532 562 536 571 .
548 514 769 579 contemtumt
805 531 875 598 quo
904 512 978 577 solo
1007 511 1133 579 utinam
1170 512 1330 580 resideret

244 617 514 685 maledicentium
533 615 656 679 rabies.
699 613 766 679 Sed
790 633 859 679 nou
879 613 1004 678 lenient
1028 615 1188 696 impetum
1211 617 1330 694 morbi,

246 720 373 784 etiamsi
400 738 453 781 ma
480 716 654 781 infeliciter
681 734 818 800 operam
845 715 969 780 lusisse
993 714 1148 792 dixerint,
1172 714 1238 780 uisi
1266 717 1331 782 boc

246 838 381 903 quoque
403 817 590 903 adjecerint,
606 816 851 900 deprecandum
869 817 948 882 mihi
973 815 1116 881 ioiaudm
1137 816 1332 882 tenueritatis

245 923 388 985 crimen:
410 918 500 1003 quod
514 924 625 983 tamen
644 938 710 984 nou
731 919 931 1003 prohibebit,
946 918 1025 1001 quin
1044 936 1084 981 os
1104 918 1251 1001 aperiam
1273 918 1333 982 ad·

247 1040 363 1087 versus
374 1021 463 1103 vulgi
476 1020 666 1083 senteutiam
681 1024 716 1084 et
726 1025 778 1084 tot
790 1027 927 1086 aetatum
941 1036 1148 1083 comessum.
1191 1015 1332 1082 Rescin-

247 1122 323 1187 dere
350 1122 449 1204 igitur
468 1118 569 1185 libuit
593 1120 680 1185 mele
703 1127 834 1198 macta,
862 1126 896 1185 et
916 1138 983 1183 uon
1009 1123 1097 1183 recte
1128 1118 1334 1184 coherentia

246 1240 423 1307 separare:
446 1221 537 1303 quod
552 1220 641 1303 apud
657 1238 776 1304 aequos
789 1238 951 1299 censores¹
964 1217 1073 1283 fraudi
1086 1217 1167 1282 mihi
1180 1237 1247 1283 nou
1260 1218 1335 1284 erit.

248 1323 410 1406 Superest
421 1318 616 1405 'Arrxiprroa
640 1319 832 1404 poematiou
846 1319 1017 1403 vulgatum
1032 1338 1053 1383 a
1068 1317 1188 1384 Clodio
1203 1319 1336 1397 Biueto,

248 1422 397 1507 lepidum
422 1421 557 1505 quidem
585 1427 620 1486 et
647 1416 953 1503 venustum,'qood
978 1429 1084 1485 tamen
1105 1418 1254 1504 Apuleio
1268 1437 1336 1484 uon

249 1523 478 1607 ascripserim:
500 1521 566 1586 uisi
588 1520 758 1586 induxerit
779 1521 895 1587 tortior
908 1522 1006 1597 ratio,
1021 1539 1121 1605 quam
1135 1521 1246 1586 mollis
1260 1521 1335 1587 haec

249 1630 284 1689 et
312 1624 476 1691 deliciosa
507 1624 679 1705 elegantia.
730 1622 817 1687 Sunt
852 1621 909 1707 qui
937 1622 1144 1705 Asclepium,
1164 1622 1336 1687 Hermetis

248 1724 456 1807 'lhismegisti
472 1724 660 1805 Dialogum,
686 1732 846 1807 tanquam
864 1726 907 1789 ab
933 1721 1081 1807 Apuleio
1096 1743 1240 1801 versum,
1253 1722 1338 1788 iuter

250 1824 322 1909 ejus
337 1843 438 1909 opera
452 1824 584 1907 vulgare
605 1825 721 1890 solent.
766 1824 942 1909 Impellere
962 1826 1056 1889 illurn
1078 1828 1209 1908 poterat
1222 1831 1338 1889 aucto·

250 1926 297 1991 ris
308 1926 450 2010 dignitus
457 1931 491 1989 et
500 1926 683 2007 argumenti
698 1925 910 2007 prestantia:
934 1924 993 1988 sed
1006 1926 1116 1989 oratio
1129 1923 1230 2007 plane
1243 1924 1339 1989 sicca

250 2032 285 2091 et
299 2028 491 2109 exsanguis,
505 2026 654 2108 nihilque
669 2026 779 2091 simile
792 2026 920 2091 habeus
943 2044 1019 2090 oum
1033 2023 1226 2108 Apuleiana
1239 2026 1340 2090 ubar-

251 2134 320 2193 tate
335 2134 369 2193 et
380 2127 508 2193 laetitia.
549 2127 639 2193 Haec
660 2132 729 2192 tam
743 2128 838 2193 varia
851 2132 985 2210 tamque
998 2127 1159 2209 praeclara
1178 2132 1339 2209 preosten-

251 2231 296 2295 tis
318 2230 437 2311 ingenii
450 2234 661 2293 monumenta
675 2248 753 2293 oum
765 2247 931 2311 nunquam
953 2228 1026 2292 siue
1038 2228 1147 2293 fructu
1157 2228 1339 2294 recondita:

251 2330 444 2396 eruditionis
458 2330 617 2396 lectorem
631 2330 842 2407 dimitterent,
856 2334 1011 2394 ettamen
1024 2330 1142 2394 mirum
1155 2331 1193 2394 iu
1203 2329 1340 2395 modum

252 2438 408 2513 corrupta
433 2436 466 2495 et
494 2430 621 2495 mendis
643 2428 826 2512 depravata
849 2430 1057 2511 obomrsut3
1077 2449 1144 2495 nou
1165 2430 1343 2496 defuerunt

253 2530 318 2593 riri
345 2529 450 2607 docti,
474 2531 530 2614 qui
554 2531 651 2595 iniis
675 2530 893 2596 restituendis
914 2533 1001 2597 serio
1025 2530 1228 2607 laborarunt,
1255 2550 1342 2613 quos

253 2630 354 2695 laude
368 2650 432 2695 sua
443 2650 508 2695 uon
516 2631 687 2697 fraudabit
697 2637 791 2713 grata
804 2632 997 2715 posteritas.
1040 2631 1170 2695 Horum
1188 2631 1341 2713 vestigia,

254 2732 319 2795 etsi
345 2731 444 2813 longo
468 2731 652 2809 intervallo,
675 2731 821 2814 impares
842 2733 1026 2816 sequimur:
1047 2749 1249 2814 quanquam,
1270 2732 1344 2795 siue

256 2832 445 2912 arrogantia
466 2830 621 2909 dixerim,
646 2832 736 2897 haud
764 2834 874 2897 miuus
901 2833 980 2897 mihi
1009 2832 1117 2910 debet,
1145 2850 1246 2915 quam
1272 2833 1344 2897 coi·

256 2950 357 3013 quam
369 2930 511 2995 illorum.
541 2931 564 2995 J
566 2951 620 2995 am
632 2933 833 2999 destinatum
848 2934 947 2999 morti
959 2933 1004 2998 ad
1019 2934 1122 2999 vitam
1135 2940 1343 3011 revooanmt,

256 3032 314 3096 sed
327 3032 472 3096 debilem
484 3036 517 3095 et
530 3040 743 3115 egrotantem
756 3034 981 3101 destituerunt.
1004 3033 1106 3113 Quod
1120 3034 1231 3099 laetior
1243 3041 1345 3118 caput

255 3140 382 3210 exerat,
395 3132 484 3216 quod
509 3133 580 3197 sani
601 3133 723 3199 coloris
737 3142 771 3200 et
797 3137 980 3219 sanguinis,
1002 3134 1094 3218 quod
1107 3133 1193 3199 firmi
1206 3139 1298 3201 artus
1310 3140 1346 3198 et

257 3238 416 3297 constans
438 3232 607 3310 valetudo,
626 3240 772 3300 nostrum
791 3242 844 3301 est
860 3255 958 3320 opus.
1000 3234 1146 3311 Certum,
1161 3232 1345 3318 Apuleium

256 3332 393 3399 infinitis
406 3332 535 3398 mendis
549 3334 708 3417 liberari:
730 3354 791 3401 uec
804 3344 917 3403 tamen
931 3335 1109 3403 dissimulo
1129 3334 1220 3401 baud
1234 3328 1347 3420 pauca

257 3434 433 3501 etiamnum
447 3433 589 3500 residere
603 3436 692 3502 salsa
705 3444 742 3503 et
757 3447 913 3523 corrupta
926 3438 1067 3503 lectione
1081 3436 1260 3503 obuoluta:
1282 3438 1346 3501 sad

258 3552 299 3597 ea
313 3536 411 3600 etiam
427 3535 502 3599 aliis
517 3554 577 3617 pro
592 3535 779 3620 desperatis
793 3540 949 3622 exposita
962 3544 996 3604 et
1008 3538 1217 3620 relictaque
1233 3544 1348 3603 tamen

257 3634 356 3699 facile
371 3634 589 3700 emendabunt
602 3637 724 3718 quibus
745 3640 781 3704 in
805 3640 982 3705 divinando
1003 3639 1131 3705 felicior
1143 3638 1273 3705 Genius
1286 3638 1349 3703 ad·

258 3732 350 3811 dicit,
366 3739 424 3799 aut
445 3734 479 3798 in
494 3736 648 3801 eruendis
666 3738 762 3805 libris
775 3740 906 3806 fortuna
923 3741 1098 3824 benignior
1110 3740 1220 3821 magis
1241 3738 1348 3804 taret.

257 3836 437 3920 AEquiores
451 3836 549 3901 uobis
564 3846 669 3918 erunt,
684 3860 746 3907 uec
772 3842 938 3909 inuidiosa
958 3842 1125 3908 columnia
1144 3841 1349 3923 dlligeutium

258 3944 408 4003 nostram
422 3936 581 4014 different,
610 3942 703 4022 quod
728 3948 786 4008 aut
806 3942 941 4009 felicius
959 3944 995 4009 in
1015 3942 1067 4007 his
1092 3941 1197 4007 literis
1209 3941 1349 4017 venari,

261 4042 319 4102 aut
332 4038 506 4123 prolixiori
518 4040 589 4107 otio
604 4042 653 4107 uti
666 4044 814 4127 contigit.
856 4044 1063 4110 Hostanen
1076 4042 1189 4125 palam
1202 4040 1350 4125 profiteri

258 4158 322 4206 nou
336 4140 489 4221 uerebor:
510 4141 616 4208 sialii
639 4162 755 4228 parem
771 4165 908 4232 operam
921 4144 1069 4232 Apuleio
1082 4143 1239 4221 locariut,
1260 4141 1351 4208 tatu·
