3000 4859
479 404 835 453 unruuourrrosaort
862 407 935 455 ma.
959 410 1010 455 ιν.
1224 396 1289 461 261

198 546 370 629 sanguinis
385 546 437 609 aui
452 546 603 629 periculo
619 548 777 611 muniunt.
822 546 895 614 Res
916 552 994 635 ipsa
1007 552 1149 636 deniquo
1163 552 1289 617 fidom⁵

199 649 341 715 sermoni
355 668 428 711 meo
441 647 544 711 dabit.
588 648 660 711 Vix
674 650 763 715 onim
775 650 909 717 Thebas
925 653 1162 738 Heptapylos¹
1177 674 1291 719 accas-

199 754 316 828 simus,
342 749 432 833 qnod
454 756 507 815 cst
527 750 605 815 hnic
628 750 818 835 disciplina
841 755 1030 837 primarium
1048 756 1212 821 studium:
1231 758 1292 823 sed

200 854 278 917 dum
292 848 436 917 scdulo⁶
449 850 619 917 fortunas·
637 852 888 935 inquirebamus
902 858 1095 940 populares.
1139 858 1214 923 Noc
1228 878 1292 924 nos

200 955 341 1037 deniquo
356 952 456 1018 latuit
470 950 675 1037 Chryseros⁷
695 954 850 1037 quidam*
871 959 1125 1035 nummularium
1140 961 1290 1043 copiosae

199 1056 351 1141 pecunia
365 1055 538 1135 dominus;
554 1054 623 1138 qni,
638 1062 728 1121 metu
742 1058 925 1141 officiomm
938 1081 981 1126 ac
995 1081 1167 1126 muncrum
1180 1065 1291 1146 publi-

198 1245 234 1290 tca
244 1247 310 1290 cmttc
325 1242 419 1289 celatos.
453 1242 581 1302 Postremo,
591 1243 653 1304 quod
672 1238 737 1290 cobis
753 1242 814 1301 dico,
823 1243 1010 1306 comprobabitur
1028 1246 1079 1307 ipso
1100 1261 1134 1295 rc.
1169 1245 1232 1293 Nata
1247 1246 1290 1293 oia

195 1306 342 1367 pcrocuimas
353 1304 450 1365 Tbebos,
459 1305 538 1353 arbem
548 1311 633 1367 septem
641 1310 777 1367 porticum:
792 1308 888 1368 Μυκη
895 1308 1089 1370 percontatum
1098 1310 1226 1370 diligenter
1236 1324 1290 1372 opes

198 1370 374 1432 uniucujusque
383 1369 477 1430 cloiam,
487 1368 550 1432 (outa
560 1374 594 1417 est
613 1370 690 1431 prima
702 1384 759 1418 caro
774 1370 843 1430 bajas
851 1377 940 1421 sostroe
949 1371 1032 1434 actia)
1044 1376 1137 1423 meat
1146 1374 1214 1422 sobis
1223 1374 1290 1421 iaso-

196 1435 245 1484 tuit
256 1436 349 1498 qnidam
361 1434 635 1497 Cbrymossoeacrator,
643 1448 760 1498 posscamr
774 1450 901 1485 sanum
910 1439 1033 1501 pecasim
1047 1440 1099 1501 pai,
1110 1439 1195 1488 tincas
1202 1439 1291 1504 afficio,

197 1678 245 1723 —b
265 1673 313 1723 vus
323 1689 344 1722 c.
357 1674 385 1723 Τ.
398 1672 435 1721 H.
446 1672 597 1723 occossimut:
613 1676 674 1735 quod
684 1678 719 1723 cst
731 1674 755 1724 b.
766 1676 833 1736 d.'pr.
844 1675 955 1723 statiuis.
988 1674 1036 1725 Sed
1043 1678 1129 1724 ma.
1139 1678 1180 1737 bc.
1207 1674 1288 1725 Notio

196 1738 289 1797 morbi,
308 1752 367 1801 pars
382 1745 432 1799 ost,
452 1738 580 1803 inquiunt,
599 1738 734 1788 sanitatis:
759 1738 835 1787 iacilc
853 1738 1016 1802 admiserim
1040 1742 1130 1805 utiquc
1141 1740 1227 1801 bodie,
1238 1755 1289 1805 qno

197 1809 270 1851 tants
282 1802 483 1863 AEsculapiornm
496 1801 589 1865 ubique
598 1802 682 1863 copia.
716 1803 799 1852 Lubet
810 1803 898 1867 itaque
910 1812 1033 1865 corrupta
1044 1805 1100 1854 btcc
1114 1805 1218 1867 Apnlcii
1230 1819 1288 1866 pro-

197 1867 308 1917 trahere.
341 1866 482 1927 Sanot‚cni
498 1865 546 1915 boc
565 1866 671 1917 indulsit
688 1866 732 1917 illo
746 1867 869 1917 Pboebns.
900 1868 998 1918 Quidni
1015 1867 1083 1917 enirn
1101 1882 1238 1930 agnoscam
1251 1870 1288 1917 vi-

198 1932 280 1981 tinmt
297 1946 354 1981 cum
364 1931 435 1979 nulls
446 1930 538 1980 idonea
555 1932 685 1980 sententia
696 1931 733 1981 bis
744 1931 827 1980 subsit
838 1930 932 1979 verbis.
967 1934 1006 1993 lii,
1024 1934 1142 1996 quoniam
1162 1933 1289 1981 medendo

197 1996 281 2059 impar
299 2010 365 2058 suus,
380 1995 559 2045 liceatsaltem
578 1994 837 2045 fomontaadbiborc.
870 1995 1028 2045 Toutabam:
1045 1997 1256 2059 oaotcdbttr'sct'
1282 2033 1289 2047 .

195 2076 233 2123 pr.
244 2062 356 2119 statium,
365 2060 447 2109 scottia
463 2061 542 2109 tctalo
554 2058 679 2118 fortunam
695 2060 713 2109 i.
730 2061 866 2123 popularitas
875 2060 987 2123 [Vultus
997 2060 1139 2123 populares,
1151 2075 1184 2109 au
1193 2062 1290 2124 popalu-

196 2120 288 2187 aaut]
304 2140 345 2173 sec
354 2139 404 2186 sos,
413 2127 453 2187 bo.
486 2124 555 2172 Sans
568 2138 672 2186 prorsus
684 2130 725 2173 est
736 2138 770 2173 ex
779 2124 913 2187 disciplina
921 2124 1101 2175 latrocinantis
1113 2126 1187 2189 nujus
1198 2132 1290 2188 sacta,

197 2188 297 2239 divisim
310 2204 337 2239 so
348 2189 494 2238 immiscere
506 2188 611 2251 populo,
629 2197 706 2253 atque
718 2188 756 2237 ita
766 2187 897 2251 sigillatim
909 2197 1003 2238 cuncta
1015 2190 1160 2252 personari.
1194 2188 1290 2239 similis

196 2252 327 2303 invenitur
339 2252 499 2302 constructio
510 2252 558 2301 hoc
571 2251 635 2302 libro
649 2250 731 2301 iutra:
749 2255 758 2281 ⁴
771 2252 847 2303 Quot
858 2252 926 2302 enim
937 2266 972 2301 ex
983 2268 1030 2302 asu
1040 2252 1238 2315 santumnium,
1248 2268 1290 2303 mc

196 2318 277 2367 solnm
297 2318 459 2367 resistentem
479 2330 525 2380 pro
544 2316 632 2365 domus
647 2317 743 2373 limina,
755 2325 850 2367 concta
866 2332 950 2366 rcrnru
969 2318 1162 2381 exploraturum
1177 2318 1289 2377 solicita,

196 2380 257 2431 dum
270 2381 402 2431 redirent!
436 2382 496 2432 Hoc
515 2380 574 2429 alibi
592 2381 732 2431 laciniatim
754 2390 830 2431 uocat
840 2382 906 2431 libro
918 2389 1028 2432 octavo:
1054 2388 1062 2412 ‘
1075 2383 1134 2433 Non
1146 2383 1288 2433 laciniatim

195 2445 321 2509 disperso,
341 2446 387 2496 sed
406 2446 534 2511 comatico
554 2446 651 2508 stipato
666 2454 811 2495 commeatu
827 2444 993 2495 difficultates
1004 2446 1061 2496 illas
1073 2448 1289 2497 transabircmns.'

196 2510 273 2562 Quod
284 2510 390 2561 verbum
410 2511 515 2561 reddam
526 2510 633 2559 Ssuccoe
645 2510 668 2561 E
688 2510 729 2560 ist.
744 2523 837 2561 xxxrt.
870 2518 878 2539 ‘
890 2510 1001 2560 Multum
1013 2517 1101 2573 uocet,
1112 2520 1139 2562 ct
1150 2513 1193 2576 qni
1205 2527 1290 2561 mora·

196 2582 255 2633 tort
271 2577 359 2640 utiquc
370 2576 396 2637 in
408 2584 482 2626 tanta
498 2575 627 2623 brevitate
646 2526 725 2624 vibo:
743 2590 820 2638 quarn
831 2574 975 2625 breviorem
986 2575 1160 2625 inconstantia
1169 2574 1289 2634 facimus,

195 2640 265 2689 alind
275 2638 384 2690 subinde
396 2640 451 2703 ejus
462 2645 541 2703 utque
552 2638 621 2689 aliud
637 2637 764 2689 iacientes
782 2640 898 2689 initium:
925 2640 1069 2689 diducimas
1084 2641 1153 2689 illam
1172 2640 1197 2689 iu
1209 2642 1288 2702 parti.

196 2705 267 2755 cuias
279 2719 309 2753 sc
320 2704 495 2755 lancinamur!
528 2702 600 2753 Alias
610 2710 653 2754 est
663 2704 786 2755 usum.
819 2704 891 2753 Nihil
902 2705 998 2766 verina,
1010 2719 1087 2768 quarn
1098 2704 1179 2753 inissa
1189 2705 1290 2754 locisia·

195 2783 254 2819 arus.
265 2768 343 2819 Grnt.
377 2768 433 2819 Lib.
445 2783 495 2819 rrr.
511 2769 587 2832 Susp.
599 2782 623 2817 c.
635 2771 659 2819 o.
692 2768 745 2819 Pro
756 2769 902 2827 rocolaoic,
911 2784 960 2816 ooo
970 2784 1084 2832 repono;
1101 2770 1126 2817 id
1136 2777 1288 2832 cst,noctn;

195 2842 225 2881 ut
236 2833 305 2897 apud
320 2833 442 2883 Plautum
462 2832 564 2883 Aiinsr.
597 2836 605 2862 ‘
626 2832 696 2894 Nox,
714 2834 736 2882 si
755 2834 834 2894 uoles,
851 2834 960 2883 macho
969 2832 987 2882 τ’
1012 2839 1040 2883 et
1057 2834 1083 2881 in
1102 2838 1205 2885 ibam.
1221 2846 1288 2884 uox.

195 2910 318 2948 uvarum.
331 2910 451 2949 raecum.
463 2910 538 2947 raro.
549 2896 618 2960 apud
629 2897 791 2947 Macrobium
801 2898 848 2947 lib.
859 2911 878 2946 ι.
888 2898 993 2947 Sattrrn.
1005 2912 1063 2961 cap.
1074 2902 1100 2949 t.
1133 2900 1200 2949 Nam
1217 2898 1290 2960 illud,

195 2964 255 3025 otoo
266 2968 299 3011 cst
310 2962 363 3011 baio
380 2962 511 3025 discipline
526 2962 665 3025 prirnoribus
679 2964 793 3024 studiant,
804 2963 847 3011 uia
859 2962 943 3023 video,
960 2978 1011 3027 quo
1029 2962 1120 3011 referri
1137 2963 1229 3029 possit,
1240 2963 1289 3012 nisi

194 3026 237 3075 hie
247 3026 294 3088 lta,
303 3025 330 3074 id
339 3031 390 3081 cst,
399 3040 448 3075 aon
458 3026 581 3087 legamus.
613 3026 677 3075 Tum
689 3028 758 3075 enim
769 3027 942 3089 explicabitur
953 3027 995 3075 bic
1014 3026 1086 3076 locus
1097 3041 1130 3075 cx
1142 3029 1193 3078 alio
1203 3026 1287 3075 inira:

191 3092 200 3118 ⁴
215 3088 250 3139 Et
261 3104 294 3138 ox
305 3087 440 3151 disciplina
449 3096 528 3139 sacta
539 3095 642 3137 tornato
654 3092 735 3139 noctis
752 3090 867 3138 illumino
879 3099 1005 3155 tompore,
1017 3106 1068 3155 qno
1083 3106 1186 3141 somnus
1199 3091 1289 3140 obrius

194 3154 292 3217 impetn
314 3153 396 3216 primo
414 3155 494 3202 corda
510 3152 655 3201 mortalium
673 3153 783 3203 validius
800 3154 912 3213 invadit,
924 3169 954 3202 sc
975 3156 1116 3215 premiuct
1135 3156 1288 3204 caamnarim

193 3216 514 3281 captouoatialatrocinali
525 3216 675 3266 momento!
700 3218 1165 3279 Scitamluvenalisffloratissillud:
1185 3220 1239 3269 ‘Ut
1245 3220 1288 3281 jn-

193 3284 283 3345 gnlont
292 3282 405 3333 bominac
415 3281 433 3331 ς’
449 3288 478 3331 ct
493 3283 501 3309 ‘
514 3290 654 3329 nocturnus
666 3280 817 3342 grassator,'
833 3296 875 3344 ap.
886 3282 994 3331 Patron.
1011 3283 1101 3331 Braat.
1121 3282 1210 3331 Thebas
1221 3284 1289 3347 Hep-

179 3348 291 3413 tapylos.
324 3346 355 3395 ln
374 3346 459 3395 Oxou.
479 3351 520 3394 est
539 3344 691 3408 crepantes.
725 3344 758 3393 ln
775 3345 824 3394 Ed.
835 3344 910 3394 bunt.
930 3354 998 3408 post.
1015 3346 1172 3409 Heptupylas.
1192 3348 1288 3397 Pravo.

194 3410 279 3462 Amnr.
290 3411 407 3461 Marcell.
418 3410 463 3460 lib.
476 3422 547 3460 xnt.
566 3423 590 3459 c.
604 3412 642 3457 lo.
654 3408 688 3457 (la
705 3407 804 3457 Thebis
815 3408 958 3471 AEpyptiia:
982 3410 990 3435 ⁴
1004 3408 1200 3472 Hecatonpylos
1218 3412 1287 3459 enim

192 3475 291 3526 ‘l'bcbas
301 3490 376 3525 namo
387 3490 438 3523 non
449 3472 541 3523 novit!
559 3474 622 3521 Oud.
656 3473 936 3536 Fortunampopolnrcsa.
954 3473 1019 3521 Fax.
1031 3472 1145 3532 fortanus
1154 3475 1286 3537 populares.

195 3540 335 3592 botilde-⁷
354 3540 441 3590 Oxou.
455 3536 748 3588 crumenarum.
767 3536 874 3601 Cirycos,
883 3537 925 3586 rel
945 3538 1073 3587 cutum
1085 3538 1141 3588 Pal.
1155 3539 1287 3589 Gbirseros.

687 3680 794 3733 NOTAE

225 3784 341 3834 ''l'irebas
350 3781 508 3847 Heptcpyloa]
523 3779 720 3830 Boeoticasillaa
758 3778 889 3841 disciplina
911 3778 1049 3840 priuatim
1067 3780 1190 3842 madian)
1210 3780 1288 3829 sedato

194 3876 210 3909 a
221 3860 317 3911 Cadmo
334 3860 451 3909 conditas
470 3855 616 3907 ἑπταπύλους
635 3856 718 3905 dictas
752 3856 873 3917 sortitam,
890 3854 945 3917 t5c.]
970 3856 1079 3905 Rectum
1094 3854 1163 3905 bunc
1173 3856 1226 3905 loci
1241 3856 1286 3904 lru·

194 3950 209 3983 a
231 3940 331 3999 acptcrn
354 3935 448 3997 porum
472 3933 505 3983 ad
528 3932 719 3981 distinctionem
757 3931 801 3994 jus
811 3932 926 3979 ordinem
937 3930 1060 3979 debemus
1071 3930 1187 3980 Pricoeoo

191 4011 334 4062 Thebarum
346 4011 533 4075 AEgyptiarum,
545 4009 663 4059 silbam
671 4022 716 4071 pa·
791 4010 800 4040 ¹
817 4008 945 4072 cbo-pomos
964 4008 1070 4071 quitos]
1087 4007 1188 4056 Nomen
1208 4022 1286 4060 avaro

193 4096 244 4149 trs,
269 4094 299 4136 nt
315 4086 414 4147 tertrnt,
437 4084 609 4145 conditarum,
625 4098 682 4147 qrtae
702 4098 718 4133 a
757 4084 926 4134 nummulario
937 4084 1053 4145 apprimo
1063 4084 1232 4147 couveniens,
1242 4101 1286 4135 aa·

191 4169 294 4213 centnm
307 4162 389 4226 portis
399 4160 478 4211 dicta
488 4168 546 4209 aunt
555 4157 718 4220 tracturum·
758 4164 780 4212 ri
791 4162 858 4213 culm
870 4166 1008 4211 amatorem
1019 4159 1156 4225 significat.

224 4247 234 4272 ¹
252 4240 330 4303 Quod,
340 4241 381 4301 bc.
398 4236 459 4303 [Set
469 4238 524 4285 datu
532 4236 611 4299 (qaod
621 4239 654 4283 tat
664 4235 718 4283 baio
