3000 4859
220 366 285 433 216
685 377 839 427 navemn

221 526 366 589 dominae
381 540 478 599 moae,
494 519 725 585 dissimulatn⁶
741 522 889 599 veritate,
905 521 1014 586 trado.
1050 522 1109 585 Sic
1125 522 1234 586 noctis
1249 522 1310 585 ini-

221 628 294 702 tio,⁷
317 624 510 707 priusquam
527 641 622 687 caena
636 628 669 685 te
684 623 866 704 reciperes,
882 622 1056 705 Pamphile
1070 643 1156 701 mea,
1168 623 1238 705 jam
1255 640 1311 687 ve-

221 746 297 793 cors
313 724 425 801 animi,
447 728 573 787 tectum
598 723 832 787 scindulare⁸¹¹
855 723 1059 800 conscendit,
1085 726 1174 807 qnod
1198 724 1311 788 altria-

130 836 133 843 “
221 846 321 893 secus
335 825 455 891 sedium
472 831 588 905 patore
604 824 781 906 perflatili⁹
803 825 977 901 nudatum,
1004 825 1047 888 ad
1069 842 1186 889 omnes
1205 827 1311 889 oriem

221 930 305 993 tales
324 933 520 1007 ceterosque
542 930 729 1007 aspectusw
754 926 918 1007 pervium,
940 926 1085 990 maxime
1109 926 1159 990 his
1182 927 1310 990 artibus

222 1028 292 1093 suis
306 1024 566 1092 commodatum¹
584 1032 711 1089 secreto
728 1026 835 1089 colite
878 1025 1062 1108 Priusque³
1079 1032 1242 1109 apparatu
1257 1048 1311 1092 sc·

222 1248 252 1295 do
263 1260 319 1295 sneoe
329 1248 401 1308 lssroe,
409 1246 557 1296 dissimulans
565 1247 628 1309 quod
643 1251 702 1295 ersi.
736 1245 779 1294 Sic
795 1246 912 1309 principis
924 1247 1008 1309 noetis,
1018 1252 1142 1310 anieqaasn
1157 1246 1311 1297 discederent

222 1326 295 1372 crena,
307 1312 440 1373 Pamphile,
450 1326 500 1360 snea
511 1310 630 1371 hera,jaru
642 1311 715 1372 isnpos
730 1311 813 1371 anirni,
821 1313 925 1361 wendit
937 1313 963 1359 in
971 1313 1095 1375 pergulans
1105 1315 1235 1373 mpetum
1246 1327 1312 1361 usn·

222 1374 292 1434 dalis,
303 1390 371 1437 quam
381 1376 584 1437 elansjlcquenlal
596 1374 620 1423 ιἰι
632 1374 712 1422 altiori
729 1380 798 1437 parte
808 1377 889 1423 donnas
902 1374 1015 1438 positam,
1024 1380 1142 1437 patentem
1150 1380 1260 1437 apertura
1269 1391 1312 1423 ex-

220 1440 299 1499 posita
309 1440 394 1501 centis,
405 1444 428 1488 cl
439 1438 561 1487 habentem
569 1444 713 1501 prospectans
724 1440 747 1485 in
759 1439 884 1488 orientales
893 1445 917 1487 et
932 1440 1035 1501 reliquos
1045 1454 1122 1488 ornnes
1131 1439 1214 1501 plagas
1223 1440 1313 1501 meli,

223 1502 332 1564 inprimis
342 1510 421 1566 aptans
432 1503 527 1552 bissuis
538 1502 636 1551 artibus.
670 1504 702 1551 Et
717 1503 820 1565 primurn
836 1505 935 1553 adornat
951 1504 1096 1553 exitiabilem
1112 1504 1227 1567 qfficinosn
1237 1505 1311 1567 supel-

682 1652 857 1673 ΙΝΜΙΜΗ

224 1758 247 1801 el
258 1754 346 1801 dissirn.
364 1752 455 1802 1d.·s
472 1752 598 1802 D'Orsill.
610 1751 698 1803 Guelf.
710 1769 736 1802 n.
748 1754 773 1801 in
784 1754 863 1803 initio.
880 1755 993 1804 Frustra.
1025 1754 1091 1804 Vide
1104 1753 1221 1803 ndlih.1.
1234 1768 1258 1815 p.
1272 1757 1310 1803 ll.

224 1818 327 1866 ‘statius
339 1818 428 1867 initio!
445 1818 531 1868 tri—s
548 1817 670 1865 Sdndnlus
681 1818 857 1881 appellandas,
873 1833 936 1881 quas
954 1820 1047 1881 passim
1067 1820 1092 1867 in
1109 1819 1181 1867 libris
1191 1819 1313 1867 scandulae

224 1890 326 1943 vocent,
338 1882 369 1931 ed
384 1883 518 1946 Vegetlum
530 1882 712 1931 demonstravi.
748 1883 813 1931 ltcru
825 1886 892 1945 apud
913 1884 1039 1932 Casarem
1052 1895 1112 1934 vrrs.
1130 1882 1196 1931 Relli
1207 1881 1314 1940 Gallici,

225 1947 330 2007 ‘cupas
350 1959 420 2007 seso,
438 1946 504 2008 pice,
525 1944 653 1995 scandulis
666 1945 816 2007 eornpleat,'
833 1947 917 1995 acribo
927 1948 1047 2007 scindulis,
1057 1955 1084 1995 et
1096 1946 1163 2008 apud
1175 1946 1313 2007 Apuleium

219 2010 359 2059 seindslare.
377 2011 465 2071 Certe,
475 2012 528 2059 sire
536 2009 708 2073 secludenda,
716 2011 792 2059 siren
800 2011 944 2072 nolanum
953 2012 1034 2076 (Vidn
1043 2012 1127 2060 Gloss.
1138 2010 1234 2071 σχίδιιξ)
1243 2008 1311 2073 quad

224 2074 292 2137 npnd
306 2074 502 2138 Aristophanem
522 2081 571 2132 est,
588 2073 711 2123 scindulre
730 2088 782 2123 nou
799 2076 927 2124 immerito
943 2076 1115 2139 appellantur.
1149 2074 1314 2135 Eademsor,

223 2147 252 2187 ut
265 2140 344 2188 avire
357 2138 514 2197 doctissimo,
543 2153 600 2187 nem
612 2138 713 2187 honoris
725 2147 753 2187 et
762 2140 854 2188 suroris
872 2154 951 2188 cansa
967 2140 1078 2202 nomino,
1088 2139 1187 2191 laccho
1198 2140 1314 2201 campio,

224 2204 336 2266 inquam,
348 2204 455 2253 Decnuc
466 2212 493 2252 et
504 2203 529 2251 0
559 2202 616 2251 ciali
630 2203 760 2251 Bonnensi
771 2203 865 2266 audiri,
882 2204 1008 2268 hodieque
1019 2203 1269 2267 Aquisgrsnensihus
1287 2203 1313 2251 iu

224 2275 337 2317 creent:
356 2282 404 2317 nec
420 2268 503 2316 miurus
521 2267 547 2315 la
565 2282 612 2315 usu
633 2268 695 2329 ipse}
716 2268 850 2329 coladula,
868 2283 930 2332 ques
951 2269 998 2331 ipsi
1017 2270 1149 2317 seeindden
1170 2268 1313 2332 appellant.

225 2332 401 2395 Usulquoqne
421 2346 474 2381 esse
494 2332 519 2379 in
537 2331 604 2381 hunc
623 2330 692 2381 diem
710 2332 842 2391 Bahemis,
860 2332 1313 2392 Lotherenis,aliisaationlbns,noa

224 2404 265 2443 est
284 2410 370 2458 operae
389 2396 499 2457 pretium
516 2395 639 2444 indicere.
655 2396 771 2445 seman
805 2396 952 2445 Scindslan.
971 2398 1075 2459 Vulgsti
1094 2398 1199 2459 passim,
1213 2400 1313 2444 nands·

224 2461 282 2507 ure.
316 2460 371 2522 Ego
382 2459 520 2509 doctissimi
532 2458 646 2507 'lurnehi
657 2462 814 2509 arietaritste
825 2461 873 2509 niti
884 2460 971 2520 meliri,
988 2462 1032 2524 qni
1049 2462 1086 2509 ita
1104 2460 1240 2523 legendam
1253 2474 1313 2509 uere

225 2523 340 2572 docilia
353 2524 465 2581 Cesare,
482 2524 574 2586 Plinio,
594 2522 721 2584 Palladio,
738 2523 858 2573 Vitruvio
876 2540 908 2573 en
925 2524 1035 2581 Isidoro,
1056 2525 1166 2574 Adsere.
1185 2525 1229 2573 lib.
1240 2537 1312 2574 xxrr.

224 2594 333 2651 cupis.
351 2589 419 2637 Cale.
452 2588 537 2637 Psint.
561 2595 588 2635 et
611 2586 652 2635 alil
672 2587 730 2636 libri
750 2589 985 2638 Vclt.soandslars.
1019 2589 1048 2637 ln
1071 2589 1198 2652 responsis
1218 2588 1311 2651 Pupia.

224 2653 277 2701 'l'it.
289 2666 369 2701 xxix.
383 2654 390 2679 ⁶
402 2653 428 2702 Si
440 2652 497 2717 qais
509 2651 608 2701 enhellc
625 2652 729 2727 ligando
739 2666 824 2701 ossum
843 2654 885 2702 vel
903 2652 1069 2702 schadelant!
1103 2654 1199 2715 hingem
1210 2666 1313 2715 seraper

224 2717 249 2763 in
262 2716 332 2765 libris
345 2717 465 2779 varietus,
476 2725 504 2765 ut
514 2716 540 2764 ln
552 2716 680 2778 Vitruvio,
692 2716 805 2779 Caesare,
821 2717 917 2777 Plinio,
935 2725 963 2766 et
983 2718 1040 2766 aliis
1054 2718 1154 2766 noterit
1171 2716 1312 2765 Turnebus.

224 2782 289 2830 Sunt
306 2787 391 2829 nutem
410 2780 544 2840 scindulae,
565 2779 666 2829 tabellae
686 2779 740 2827 sire
758 2782 850 2829 ossalae
869 2782 972 2843 lignea,
991 2780 1083 2845 quihus
1099 2780 1313 2843 tegunturdcsni·

223 2845 298 2893 eilia:
317 2844 383 2892 rrnde
393 2842 539 2893 scindulsre
551 2850 659 2906 tectum,
669 2849 695 2891 et
706 2847 713 2872 ‘
724 2844 872 2895 sciudnlnrii
881 2844 888 2866 ’
897 2846 927 2894 1..
941 2848 987 2895 ult.
1000 2845 1101 2907 dejure
1112 2846 1237 2894 immunlt.
1261 2846 1312 2894 Ve·

223 2908 307 2971 getius
318 2907 433 2971 ‘tegulas
441 2906 458 2971 ¹,
467 2913 494 2955 et
513 2907 675 2957 ‘scindulas'
692 2908 834 2972 conjungit.
866 2909 1023 2959 Scholiastes
1042 2910 1175 2972 Aristoph.
1193 2908 1311 2959 Nubibus

222 2970 379 3033 oxulanpobr
389 2971 574 3036 interpretetur
584 2971 615 3022 ri
624 2970 761 3021 λεπτότατα
769 2976 817 3022 rr‘se
826 2971 908 3034 tinen
940 2974 1047 3023 Sublata
1060 2976 1137 3037 igitur
1149 2974 1199 3022 erit
1210 2981 1313 3022 anatro-

224 3036 316 3097 versia,
329 3036 447 3097 wandalo,
465 3051 499 3085 su
515 3038 619 3086 scindulo
638 3036 786 3099 dicendum,
805 3037 873 3101 quod
892 3038 985 3088 Graecs
1004 3039 1076 3101 origo
1097 3038 1183 3087 docet.
1208 3038 1311 3089 Woroer.

223 3100 375 3150 noandum.
394 3100 454 3161 Alii,
465 3107 484 3150 t.
496 3102 632 3150 sdndulare.
668 3100 735 3149 Vide
755 3102 881 3151 Iudicem.
902 3103 1059 3151 Elnenb—tl
1075 3102 1169 3165 Vulgo,
1184 3102 1311 3166 perflabili.

222 3164 295 3213 lnlra
306 3165 350 3213 llh.
364 3178 401 3213 su.
417 3164 554 3214 ‘Patalam
572 3179 603 3213 ac
614 3160 766 3228 perflatilem
783 3166 886 3215 locum.'
903 3169 968 3214 Cola.
1000 3165 1135 3229 Perflabs'li.
1148 3166 1211 3214 Fax.
1226 3164 1311 3228 perilo-

222 3229 270 3277 till.
313 3227 434 3278 llasldns.
457 3230 556 3279 Bestia.
578 3228 652 3277 Rom.
675 3236 703 3277 et
727 3228 789 3279 Ata.
811 3230 936 3295 perflabili.
964 3229 1128 3280 Elaean—l
1153 3230 1310 3279 Commodus.

222 3292 323 3343 Ibidem
348 3294 433 3357 vulga,
453 3294 628 3342 numbram.
661 3292 773 3342 Celsius.
786 3294 853 3344 Flor.
871 3301 899 3344 et
916 3295 989 3344 Bert.
1005 3297 1180 3343 connodotssn
1198 3294 1314 3344 Elmeah.

222 3362 271 3406 -l
289 3359 353 3407 Colit
370 3360 458 3407 exrrlat
477 3372 493 3406 n
513 3355 643 3408 D'Orrill.
663 3356 775 3407 ond-s
791 3358 873 3408 seris.
895 3359 943 3408 Ed.
966 3359 1049 3407 minus
1065 3359 1141 3417 bene,
1165 3358 1311 3421 Priusquam

222 3424 259 3482 'roi
270 3422 380 3472 ‘Prius'
393 3422 531 3487 respondet
542 3418 639 3471 ‘tuuc’
672 3420 790 3485 Capuls‘
801 3422 843 3472 et'
858 3437 929 3487 saepe
941 3423 1084 3473 transitioui
1095 3422 1211 3473 inservit.
1244 3420 1311 3471 Vide

714 3570 822 3619 NOTAE

256 3680 267 3705 ¹¹
294 3674 389 3723 Teetssn
417 3674 493 3725 seind.
514 3672 674 3737 [scudulare]
707 3674 747 3723 Ex
788 3682 883 3741 prater
893 3678 1039 3729 Vitruvium
1054 3678 1108 3743 jam
1127 3678 1268 3737 laudetum,
1284 3678 1311 3726 in

222 3748 353 3800 scandulis
362 3748 468 3799 fectum·
501 3748 566 3798 Sunt
578 3754 662 3798 satem
674 3762 747 3799 scau·
788 3754 845 3816 lnge
855 3754 1049 3807 Quibusdam,
1058 3754 1085 3804 ff,
1102 3756 1136 3805 (ιο
1146 3755 1211 3806 sur„
1222 3755 1313 3803 imma.

221 3826 289 3875 duloe
301 3824 421 3874 Vitruvio
436 3824 531 3874 tabulas
549 3825 642 3888 liquere
654 3838 747 3889 anqus-
787 3830 885 3891 aitstis,
911 3831 1099 3881 ‘secudulnrli'
1115 3832 1243 3888 dicuutur,
1259 3844 1312 3879 aou

222 3908 290 3953 teet
298 3901 425 3965 oblongn,
435 3900 525 3965 quibus
534 3900 679 3963 tegularum
689 3900 748 3951 luco
788 3906 978 3968 ‘mindnlnrin’
1001 3906 1045 3971 qni
1066 3906 1193 3970 ejusmodi
1217 3905 1312 3955 tabulis

220 3978 351 4028 multicia
373 3978 436 4027 loeis
456 3976 545 4027 domus
567 3980 747 4040 contegantur.
787 3983 1004 4048 lignenhynem
1016 3990 1168 4047 contegunt,

221 4054 347 4103 Vacemus
362 4056 395 4103 dn
412 4053 521 4103 bardean
561 4052 676 4101 Isidorus
694 4064 747 4100 aaa
818 4066 835 4091 τ
850 4059 891 4108 Aa
905 4060 1039 4121 meda,
1056 4063 1096 4123 ῃ,
1112 4058 1229 4123 αμα...]
1244 4056 1311 4107 Vidn

221 4128 394 4191 ‘scandalan’
417 4128 461 4177 sed
479 4128 642 4181 ‘scindulas'
661 4133 747 4185 voest.
786 4148 871 4199 sapen,
882 4133 925 4183 lib.
935 4148 968 4184 rr.
979 4134 1119 4185 dsZschln
1130 4134 1261 4199 AEgyptio.
1299 4134 1302 4138 '

222 4204 308 4267 sitque
329 4217 345 4253 s
371 4201 548 4254 ‘scindendo’
563 4201 654 4253 dietss.
698 4201 746 4265 ht,
