3000 4859
258 353 322 418 130
719 370 876 419 seuam

257 512 335 578 colli
358 512 518 576 flosculos
548 513 741 591 aemulatum
762 513 817 577 rel
837 512 937 577 cum⁸
965 514 1070 596 guttis
1091 513 1267 580 Arabicis⁸
1287 516 1348 580 ab·

257 621 407 691 unctus,⁹
430 620 463 678 et
492 615 635 697 pectinis
649 607 652 612 ’
665 615 772 695 arguti
799 614 898 678 dente
923 617 1013 679 teum
1035 615 1291 694 discriminatus,
1313 622 1348 681 ‘ot

256 723 365 800 pone¹
381 733 513 779 versum
528 719 687 779 coactua²
702 715 909 780 amatoribus
921 715 1032 781 oculis
1041 735 1231 794 oocumens,
1240 717 1284 781 ad
1295 717 1347 780 in·

257 824 347 881 star³
373 816 513 899 speculi,
536 815 647 880 reddit
675 815 853 900 imaginem
880 818 1081 900 gratioremt
1126 816 1246 896 Qnid'l
1268 837 1347 883 onan

255 917 417 1000 frequenti
441 917 559 980 sobole
586 916 744 998 spissus4
765 918 911 983 cumulat
939 919 1113 999 verticem,
1135 918 1190 983 rel
1212 919 1347 1002 prolixa

257 1111 318 1145 aare
328 1095 444 1146 delibutus
459 1097 564 1161 myrris,
574 1103 596 1146 et
613 1097 738 1148 dutiactus
754 1100 841 1161 exiguo
858 1101 927 1150 deute
941 1101 1042 1165 pedicis
1058 1101 1165 1167 mist
1177 1104 1348 1177 mauriolus

256 1163 332 1220 tergo,
350 1159 431 1210 obrius
449 1163 520 1210 oculis
540 1163 660 1222 morioris,
678 1163 780 1225 reflectit
796 1165 895 1226 meieni
906 1165 1071 1225 juratores·
1090 1166 1117 1215 ia
1133 1168 1226 1216 mass
1240 1161 1347 1228 moab?

259 1221 411 1278 Quiricus
428 1226 513 1274 densus
531 1226 605 1274 aura
622 1227 753 1288 propagine
770 1229 947 1289 agglomeratur
962 1231 989 1278 ia
1005 1243 1094 1280 m
1109 1235 1179 1294 parts
1195 1231 1292 1295 ospitis,
1304 1233 1347 1278 ast

709 1367 890 1389 nunaunt
953 1374 960 1382 ·

256 1445 318 1494 amb.
334 1447 532 1498 wasteniso-t
551 1451 697 1500 emtores
716 1452 807 1502 eodem
825 1453 951 1530 libratio
969 1454 1043 1530 §ujus
1061 1456 1175 1518 margine
1194 1456 1348 1534 ascriptum,

256 1509 320 1558 alias
333 1512 383 1571 leui
394 1515 505 1562 rasurus
516 1527 563 1574 pro
573 1517 677 1564 carulas.
711 1517 794 1567 Porro
805 1519 901 1579 vulgati
917 1519 992 1567 libri:
1009 1521 1107 1568 emus
1116 1519 1271 1570 elsatam
1280 1521 1347 1570 coitu

248 1573 318 1634 stote.
338 1567 498 1626 Cetrius—8
519 1577 561 1626 Vel
582 1593 650 1629 naar.
667 1580 762 1628 Excusi
780 1596 879 1642 omnes,
899 1584 935 1631 cri
948 1597 1014 1632 cura
1032 1583 1144 1634 Colrius.
1177 1585 1265 1634 Secuti
1283 1593 1348 1660 aput

256 1636 373 1686 Cetrium
382 1640 476 1699 ceteri,
486 1655 619 1703 perperam
630 1650 658 1692 et
669 1651 760 1693 contra
772 1645 834 1694 Mss.
843 1645 932 1694 Guelf.
941 1653 1077 1710 utrumque
1095 1647 1178 1698 Palat.
1191 1647 1264 1698 liert.
1273 1647 1346 1699 Pstis.

257 1699 321 1748 Fur.
334 1700 418 1752 Oxou.
432 1703 495 1766 ch.
508 1705 607 1756 D'Orr.
618 1721 697 1770 quare
707 1710 811 1770 reposui
822 1723 874 1758 can
883 1711 938 1759 sire
949 1724 1029 1773 ᾳιιιιιιι,
1044 1682 1219 1788 reiciendum·
1228 1712 1261 1761 ad
1271 1727 1347 1824 prae·

256 1764 391 1813 cedentia:
418 1767 525 1818 ‘Ouidi
550 1784 607 1818 cum
628 1771 746 1832 capillis!
765 1774 878 1822 Orid.-9
896 1775 1004 1822 Οιιὶοιιιι
1024 1789 1103 1837 prave
1120 1774 1248 1825 D’Orrrll.
1287 1778 1347 1824 d.-

257 1825 388 1878 llidem:
405 1830 589 1882 discriminatur.
627 1833 734 1897 Etposs.
769 1835 1257 1914 Malescribunt,maleinterpuugnnt.
1285 1840 1346 1890 Nec

256 1890 371 1966 pluribus
383 1893 438 1942 baec
446 1893 589 1957 husjusmodi
599 1900 718 1961 persequi
730 1899 893 1950 instituimus.
910 1901 976 1979 Cata.
1009 1901 1131 1964 Lipstauo
1140 1903 1205 1952 cod.
1215 1902 1346 1954 accedunt

254 1955 1346 2094 {2¹¹tlt?'titt‘tuttttl‘iett‘ttttl:“utilitatumlit

254 2081 341 2130 instar.
358 2083 473 2133 Elmeub.
507 2085 589 2134 lucter
605 2089 699 2150 speculi.
730 2089 765 2138 V.
783 2090 814 2139 L.
836 2093 867 2140 ad
883 2096 969 2141 tastu.
986 2093 1116 2143 Brautius.
1149 2094 1222 2170 Bene
1240 2096 1345 2144 Elinea·

255 2142 380 2194 lturstium
389 2149 469 2197 scritti
479 2158 540 2197 aunt
550 2153 640 2211 ceteri,
649 2152 774 2202 addentes
784 2157 823 2216 ad,
836 2163 865 2204 ut
874 2156 961 2205 iuueni
972 2171 1073 2220 quoque
1083 2157 1109 2205 in
1120 2157 1344 2210 mortulam.

254 2206 328 2258 Juut.
341 2218 407 2272 post.
440 2213 539 2277 Estque
551 2214 576 2262 in
590 2215 950 2270 sustinetsustinet.
963 2229 1079 2284 utroque,
1097 2229 1126 2270 et
1143 2221 1227 2272 Oxou.
1262 2222 1345 2273 Plura

253 2271 313 2320 vide
326 2273 357 2321 ad
371 2275 387 2324 l.
400 2289 447 2324 ιιι.
469 2291 494 2340 p.
507 2281 562 2326 1³⁵.
580 2278 692 2328 Orid.—4
710 2281 771 2329 Gaas
780 2282 909 2345 sreqaeats
926 2300 947 2332 s.
961 2299 982 2333 s.
1016 2285 1068 2333 Ms.
1078 2299 1131 2333 ears
1140 2285 1179 2344 fr.
1188 2285 1235 2335 at.
1246 2287 1343 2350 puras.

254 2334 315 2383 Bas.
329 2341 351 2384 l.
368 2345 395 2384 et
412 2339 506 2388 venet.
525 2341 631 2404 spiritus.
657 2342 730 2393 Rom.
742 2351 768 2392 et
779 2348 907 2408 ponerint
924 2348 986 2397 Bas.
1001 2349 1106 2412 pulsus.
1140 2349 1236 2412 Spissss
1246 2353 1344 2414 primus

252 2399 367 2459 reposuit
379 2401 530 2459 Beroaldus,
542 2405 607 2467 quod
618 2413 690 2455 certe
704 2407 783 2456 ctiam
795 2410 802 2455 i
854 2412 937 2474 cripta
952 2412 1021 2461 libro
1031 2413 1067 2462 ita
1078 2427 1134 2462 esse
1144 2413 1258 2463 ridetur.
1288 2415 1344 2466 Sed

253 2461 331 2509 etiam
341 2477 391 2511 non
410 2467 476 2514 male
493 2481 568 2530 posse
580 2469 657 2518 scribi
669 2424 967 2540 existimare.
1002 2477 1032 2526 B.
1043 2475 1195 2526 Ambrosius
1213 2479 1231 2527 l.
1245 2491 1289 2528 ιιι.
1308 2479 1343 2530 dc

252 2525 416 2588 Vlrglulbusz
433 2529 493 2578 ‘An
504 2533 640 2596 quicquam
652 2541 761 2584 est-tam
780 2549 887 2599 pronum
904 2539 935 2588 ad
952 2539 1091 2601 libidluem,
1110 2555 1185 2605 quant
1203 2542 1345 2593 inconditis

252 2590 366 2638 uteribus
377 2605 408 2640 ea
420 2607 476 2656 quae
496 2596 536 2642 rel
556 2607 648 2645 natura
664 2597 810 2662 abscondit,
823 2603 863 2650 vel
884 2603 1020 2666 disciplina
1037 2603 1155 2666 nudavit,
1171 2606 1345 2657 membrorum

250 2661 344 2714 operta
355 2655 466 2706 nodare?
482 2658 571 2706 luttere
583 2662 674 2720 oculis,
693 2670 779 2711 rotare
790 2666 925 2728 cervicem,
936 2680 1035 2716 comam
1047 2682 1169 2731 spargere
1177 2668 1197 2717 θ’
1231 2671 1265 2720 Et
1276 2669 1344 2722 iacit

252 2715 300 2764 ltuc
322 2719 447 2768 Ltrciantts
458 2737 464 2768 ι
481 2721 510 2768 ‘ll
522 2721 581 2782 κόμη
591 2722 630 2771 rol
640 2722 672 2774 eis
681 2724 784 2775 τούπίσω
795 2729 809 2775 d
818 2729 938 2792 πλόκαμοι
948 2730 1154 2795 memrpdurrrs
1163 2732 1205 2782 οὐκ
1216 2733 1344 2799 ibride'psor

252 2781 324 2838 orob
335 2781 405 2829 utris
414 2781 479 2831 eluat.
504 2789 512 2813 ‘
523 2787 600 2834 Coma
613 2797 638 2836 et
651 2789 783 2840 cincinnus
794 2801 865 2842 retro
873 2809 976 2857 sparsus
985 2797 1052 2844 baud
1063 2799 1179 2859 ingenua
1189 2798 1343 2849 contritionis

248 2853 309 2890 'esse
328 2845 453 2894 hominem
472 2848 600 2912 loquitur!
634 2853 708 2902 Quod
720 2858 910 2916 speetatetiatu
929 2859 963 2908 ad
982 2859 1054 2920 illud,
1074 2861 1141 2924 qnod
1161 2863 1257 2924 statim,
1272 2863 1342 2913 ‘Vel

250 2906 353 2966 prolixa
364 2909 431 2957 serie
445 2921 579 2971 porrectus
592 2914 669 2964 dorsa
681 2920 834 2979 permanat)
866 2923 937 2971 Vide
955 2930 983 2972 et
1003 2923 1135 2973 Pollucem
1153 2924 1196 2974 lib.
1208 2939 1239 2974 ιι.
1257 2941 1282 2975 c.
1301 2933 1342 2976 tn.

252 2969 359 3030 soboles
372 2972 396 3018 io
407 2973 539 3024 arboribus
551 2986 620 3039 stunt,
632 2980 656 3028 ai
665 2981 824 3044 superpositis:
844 2986 912 3049 quod
925 2986 958 3046 ad
969 2987 1059 3049 virgil.
1074 2987 1153 3037 docte
1168 2997 1242 3038 notat
1260 2991 1342 3040 Scali-

253 3046 307 3093 ger.
342 3035 411 3084 Hinc
422 3037 542 3087 arbitrari
555 3055 694 3106 possumus,
705 3047 766 3109 quid
778 3048 856 3096 etism
867 3050 966 3098 soboles
977 3051 1003 3098 in
1014 3051 1124 3113 capillis.
1157 3053 1239 3101 Varro
1250 3061 1340 3103 naria·

251 3097 338 3157 sdrsp
348 3097 399 3160 περὶ
410 3100 542 3161 haume:
560 3105 647 3156 ‘Ante
658 3121 733 3158 sures
744 3112 821 3160 modo
831 3125 866 3160 ex
877 3113 1007 3162 sobolibus
1019 3115 1118 3176 parvuli
1127 3116 1218 3164 intorti
1226 3119 1341 3167 dimitte-

247 3157 356 3225 bantur,
366 3163 411 3212 sud
421 3166 532 3215 cincinni
544 3170 625 3219 oculis
636 3174 797 3234 suppaetulia,
807 3176 911 3238 nigellis·
922 3177 1042 3241 pupillis!
1055 3178 1120 3226 Colo.
1146 3179 1259 3243 Spiritus.
1275 3184 1342 3234 Fas.

739 3291 846 3341 Nouia

243 3374 357 3439 julicam,
366 3377 506 3444 vigilesque
515 3383 586 3446 operi
597 3387 772 3437 transmittere
814 3391 893 3441 vertit
903 3392 1032 3443 Hearicus
1044 3395 1202 3464 Stephanus:
1215 3401 1338 3464 ‘nblitldss

243 3449 347 3512 'noctcs,
364 3452 492 3516 Gaudeat,
508 3465 663 3522 ornatusque
685 3475 772 3523 noros,
812 3465 1008 3531 comestabuli,
1025 3469 1098 3522 lutus
1115 3474 1218 3536 quidem
1234 3476 1338 3540 nigran-

244 3519 347 3586 ‘ipsique
364 3526 463 3575 laboret
484 3528 562 3580 Arina
580 3532 644 3582 titii:
678 3535 771 3600 itaqua
812 3546 861 3598 tes,
878 3542 915 3591 At
925 3558 1018 3593 aureas
1029 3547 1159 3610 superne!

247 3596 453 3648 aicalraVeous
471 3602 520 3663 ipsi
539 3606 640 3665 plaeere
660 3623 709 3658 non
726 3626 771 3674 po·
843 3618 957 3668 'Gallis
977 3621 1099 3685 Arabicis]
1126 3622 1205 3674 Orid.
1227 3624 1339 3678 Heroid.

247 3669 349 3732 luisset,
365 3675 447 3724 rutilio
458 3678 539 3726 minus
550 3683 652 3734 ceteris.
812 3685 929 3756 Epistola
940 3709 1024 3746 xxttt.
1035 3700 1044 3726 ‘
1054 3699 1113 3748 Non
1124 3698 1238 3749 Arabum
1249 3709 1339 3752 noster

279 3746 332 3794 rln
342 3749 415 3797 leuem
426 3751 500 3799 mellis
508 3754 649 3816 deprimitur
657 3759 772 3826 umbram]
812 3766 994 3832 dauacapillus
1010 3773 1083 3824 olet.’
1114 3775 1203 3824 Guttae
1217 3775 1337 3828 uranica

247 3821 310 3869 Cum
322 3823 438 3872 tiimirutu
449 3825 529 3876 flavus
541 3829 651 3894 desuper
662 3837 770 3900 capillus
807 3837 871 3891 'suut
888 3847 995 3908 myrrhae
1012 3847 1136 3911 lacryma,
1154 3856 1237 3899 stacte
1255 3851 1336 3912 dicta,

246 3903 296 3956 est,
308 3905 334 3945 et
345 3899 413 3947 intua
425 3901 555 3966 subniger.
577 3906 622 3955 Sic
634 3909 769 3963 Anacreon
809 3932 883 3981 quam
896 3921 997 3983 myrrlra
1008 3924 1116 3974 exsudat
1127 3932 1264 3988 antequam
1273 3926 1336 3975 inci·

245 3971 277 4015 ad
289 3971 432 4036 Pictorem,
444 3975 477 4024 de
488 3977 607 4042 Bathyllo
617 3999 678 4036 atto:
697 3994 770 4038 nara·
808 3992 894 4043 datar.
926 3997 1113 4048 Laudatisaima
1123 4000 1148 4048 in
1161 4000 1258 4050 Arabia
1275 4015 1336 4064 pro·

246 4043 287 4102 pits
297 4045 373 4102 eduae
382 4047 487 4112 ruinosa,
497 4053 531 4101 Τὸ,
540 4053 583 4112 μὲν
594 4055 681 4109 ἔνδοθεν
687 4065 769 4123 μελαί-
807 4069 930 4132 gignitur.

248 4133 297 4178 ras,
307 4121 341 4168 'ru
352 4123 370 4168 i·
381 4123 483 4187 trapa
493 4128 607 4186 ἡλιόσαιε
620 4135 668 4185 boc
680 4145 728 4200 cat,
741 4148 769 4188 ut
