3000 4859
605 420 812 471 reserem.
1232 408 1256 471 7

159 560 240 627 Hae
261 562 452 627 conditione
471 564 678 646 imprimendi
701 566 826 631 factum
841 571 893 632 eet
905 566 1046 631 initium.
1091 565 1255 649 Equidem

158 669 230 727 tum
250 666 428 747 putabam,
451 665 560 729 nullas
582 685 675 729 mens
694 672 818 748 partes,
831 670 896 731 nisi
914 668 1132 751 speciminnm
1157 674 1257 751 typo·

160 764 388 849 graphicomm
403 767 663 848 relegendum,
678 768 819 833 sutums.
851 768 917 833 Sed
932 788 1015 832 mox
1031 769 1257 845 animadverti,

162 864 454 949 Oudendorpinm,
469 867 546 931 dnm
563 877 691 933 textum
708 870 750 932 ad
765 876 895 933 veteres
915 869 1020 932 libros
1042 868 1257 947 conformare,

163 974 201 1031 nt
224 968 273 1045 iit,
296 986 341 1031 ex
365 967 419 1032 die
441 970 473 1032 in
496 969 581 1033 diem
604 970 787 1046 distulerat,
809 959 916 1034 morte
938 978 1154 1053 occupatum,
1169 971 1259 1048 aliis,

164 1068 253 1151 quod
267 1078 412 1151 agerent,
432 1072 617 1154 reliquisse.
670 1069 749 1150 Qun
763 1092 868 1137 eausa
882 1072 1060 1154 impulsae,
1074 1072 1162 1135 hunc
1177 1072 1259 1135 mibi

165 1170 314 1236 laborem
325 1174 442 1249 sumsi,
453 1179 489 1238 ut
502 1180 702 1251 contextum,
716 1174 773 1255 qni
787 1174 823 1236 in
839 1172 1182 1238 PricaeunaEditione
1195 1181 1259 1250 eet,

167 1290 242 1335 cum
266 1292 346 1339 cnm
368 1276 543 1357 perpensis
565 1280 712 1338 vetemm
733 1274 893 1337 libromm
909 1274 1120 1349 lectionibus,
1138 1274 1260 1356 partim

168 1374 210 1437 de
227 1371 467 1459 Oudendorpii,
486 1378 607 1459 partim
622 1377 665 1441 de
681 1394 758 1440 meo
777 1375 911 1458 judicio
931 1372 1133 1456 refingerem,
1148 1375 1183 1438 in
1196 1375 1260 1440 bac

168 1492 270 1558 opere
283 1476 413 1541 vicaria
427 1485 577 1542 versutus
600 1478 772 1561 aliquanto
793 1477 994 1560 religiosius,
1009 1494 1109 1559 qnam
1124 1494 1262 1557 magnus

168 1574 341 1658 Scaliger:
364 1580 433 1661 qui,
448 1598 525 1642 cunr
541 1579 733 1662 posterioris
749 1578 916 1642 Editinnis
929 1576 1153 1642 Vulcanianar
1172 1576 1263 1660 epnd

170 1674 377 1761 Rnpheleng.
407 1697 438 1742 a.
468 1678 579 1743 1606..
598 1698 712 1743 curam
735 1679 958 1761 suscepisset,
982 1681 1018 1742 in
1035 1679 1145 1743 alieno
1160 1697 1262 1762 opere

169 1778 250 1864 plns
274 1780 340 1845 sibi
368 1780 500 1857 sumsit,
525 1798 625 1863 qnam
649 1780 790 1846 Critices
818 1782 907 1845 ratio
931 1785 966 1846 et
987 1780 1155 1845 modestia
1181 1780 1263 1845 sere-

170 1882 264 1947 bant.

214 1984 386 2067 Sequitur,
400 1992 439 2051 nt
453 1984 614 2063 dicamus,
638 1986 762 2069 quibus
786 1984 985 2069 adjumentis
1008 1984 1135 2049 criticis
1159 1983 1265 2048 fretus

173 2084 433 2172 Oudendorpiue
455 2087 499 2153 ad
518 2086 699 2171 Apuleium
724 2088 958 2170 castigandum
986 2086 1180 2150 accesserit.
1224 2083 1265 2148 In

172 2206 237 2271 qno
252 2188 388 2272 quidem
403 2208 521 2271 genere
535 2191 616 2255 milri
632 2210 749 2274 pamm
763 2192 844 2255 licet
856 2190 1019 2254 lectorum
1031 2186 1265 2270 expectationi

173 2291 381 2370 satisfacere,
396 2292 454 2374 qui
468 2312 532 2357 non
551 2293 627 2376 plns
641 2292 684 2356 de
698 2290 772 2374 ejus
787 2289 948 2354 subsidiis
962 2289 1143 2371 cognorim,
1163 2305 1266 2369 qnam

173 2399 331 2475 quantum
357 2414 401 2459 ex
425 2393 782 2459 Animadversionibus
809 2394 844 2457 in
867 2391 1062 2476 Apuleium,
1084 2397 1120 2454 et
1145 2389 1267 2472 paucis

174 2494 310 2570 notulis,
323 2494 357 2558 in
369 2494 476 2559 srnnte
491 2495 651 2559 librorum
666 2495 812 2577 scriptis,
826 2494 958 2559 discere
971 2492 1078 2576 potui.
1116 2490 1171 2555 Ex
1186 2490 1268 2555 Edi·

174 2598 324 2661 tionibus
353 2597 480 2681 primis,
507 2616 584 2680 quse
613 2595 778 2661 Codicum
808 2596 1009 2677 scriptcmm
1037 2592 1269 2656 anctoritatem

175 2700 335 2775 obtinent,
359 2718 447 2777 eum,
468 2698 582 2776 video,
603 2718 703 2763 usum
723 2717 798 2762 esse
818 2696 977 2761 Romana
997 2714 1029 2759 a.
1050 2694 1148 2759 1469.
1168 2712 1270 2774 quam

177 2799 363 2865 Bandiniue
386 2799 497 2865 (latai.
524 2800 633 2867 Codd.
656 2801 731 2865 Lat.
756 2798 940 2863 Medieeor.
954 2797 998 2861 T.
1015 2812 1057 2859 ιι.
1072 2815 1106 2879 p.
1120 2794 1197 2863 655.
1212 2793 1270 2859 de·

176 2902 312 2982 scribit3
334 2902 464 2968 Veneta
493 2922 523 2967 a.
553 2902 655 2968 1488.
698 2900 879 2966 Vicentine
905 2919 937 2964 e.
962 2896 1058 2963 1488.
1102 2896 1178 2963 Nec
1200 2896 1271 2960 nlla

177 3024 301 3082 earum,
315 3024 391 3089 qnae
404 3006 466 3069 hes
481 3006 648 3089 principes
663 3005 817 3087 sequenti
830 3008 929 3069 estete
942 3006 1134 3065 consecute
1143 2998 1272 3075 suntsi

178 3104 311 3171 videtur
324 3105 485 3171 defuisse.
530 3106 597 3169 Sed
612 3106 766 3169 omnibus
779 3105 879 3187 louge
894 3102 1102 3184 multumque
1117 3097 1272 3185 praefere-

179 3209 237 3272 bnt
250 3206 272 3271 J
276 3208 421 3271 nntinam
430 3206 641 3290 posteriorem
652 3225 682 3269 a.
692 3206 787 3270 1522.
798 3204 832 3269 8.
848 3204 1096 3286 cujnetextum,
1107 3200 1272 3284 nonjudi-

179 3309 235 3374 cin
251 3310 400 3375 ethonis
415 3308 511 3373 libris
528 3326 621 3386 usus,
634 3309 796 3392 praeclare
807 3304 1180 3372 eonstituitBernardus
1192 3302 1272 3368 Pbi·

179 3410 349 3476 lomatbes
364 3410 519 3475 Pisanus.
544 3411 595 3476 Ea
609 3418 770 3494 qnantum
785 3408 931 3492 Apuleio
947 3406 1119 3489 profuerit,
1131 3403 1272 3484 singulm

180 3532 287 3596 prope
308 3512 442 3595 paginae
466 3513 658 3577 ostendunt.
700 3508 757 3575 Ad
767 3512 909 3593 scriptos
920 3506 1023 3571 libros
1038 3503 1129 3590 qnod
1141 3504 1275 3583 attinet,

184 3630 242 3679 rx.
257 3612 422 3679 Codicum
437 3613 606 3696 Excerpta
620 3633 658 3677 se
679 3612 723 3676 ad
744 3630 878 3676 manum
899 3608 1068 3685 habuisse,
1083 3603 1275 3670 Oudendor-

182 3716 260 3799 pius
283 3723 429 3781 testatur
447 3715 491 3780 ad
515 3716 657 3781 Metam.
675 3731 731 3779 rs.
746 3736 780 3800 p.
799 3712 874 3779 656.
918 3708 1082 3774 Omnibus
1104 3708 1276 3789 hocusque

184 3817 342 3901 cognitis,
361 3818 392 3881 si
415 3818 523 3881 minus
542 3817 753 3900 antiquitate,
768 3813 811 3879 de
831 3833 899 3898 qun
913 3812 1000 3877 alins
1016 3812 1116 3880 aliter
1131 3807 1276 3891 judicat,

185 3928 275 3986 certe
300 3918 451 3983 bonitate
474 3918 575 3983 facile
596 3923 762 4002 praestant
781 3914 850 3979 duo
873 3914 1066 3990 Florentini,
1084 3910 1236 3974 recensiti
1256 3928 1278 3972 a

187 4020 358 4087 Bandinio
372 4022 395 4086 l.
411 4041 443 4087 c.
458 4043 491 4105 p.
505 4024 537 4084 4.
552 4028 585 4085 et
598 4022 676 4087 654.
692 4038 834 4104 quorum
849 4019 1025 4081 varietates
1038 4033 1060 4078 a
1074 4031 1111 4077 se
1125 4016 1279 4075 enotatas

188 4122 313 4189 Frider.
343 4122 607 4206 lindenbrogius
636 4142 714 4188 cnm
742 4119 984 4185 Elmenborstio
1013 4113 1279 4181 communicaret.

190 4226 267 4306 Sed,
282 4244 350 4310 qno
363 4225 472 4292 notior
486 4232 540 4293 est
555 4224 790 4293 Elmenbcrstil
804 4224 839 4288 ln
852 4221 916 4288 boc
933 4239 1050 4304 genere
1065 4210 1279 4298 negligentia,
