3000 4859
467 411 823 465 unusuonruosuurr
851 414 921 461 ern.
947 416 994 464 rr.
1214 403 1281 468 409

188 563 350 632 mortuos,
366 557 485 640 quibus
508 552 602 638 [122]
617 555 690 637 jam
704 553 752 617 nil
765 555 868 619 maii⁷
884 561 998 638 potest
1012 555 1137 633 iacere,
1155 555 1278 622 frustra

187 654 378 733 territando,
403 655 503 720 ante⁸
528 656 639 739 ipsum
665 654 767 718 limen
798 661 832 718 et
859 665 934 720 atra
959 658 1045 721 atria
1068 657 1279 740 Proserpiuae

188 775 317 840 semper
336 757 537 833 excubane,⁹
557 762 670 819 servat
692 773 833 820 vacuam
856 756 947 821 Ditis
965 755 1123 822 domum!
1163 757 1278 836 Hunc,

187 858 417 922 effraenatum¹
435 858 532 922 unius
548 857 660 920 offulae
677 857 821 938 praeda,²
831 857 933 922 facile
946 858 1152 942 praeteribis:
1168 858 1213 923 ad
1226 860 1279 942 ip-

190 967 349 1043 samque³
373 958 524 1041 protinus
539 957 772 1038 Proserpinam
786 958 958 1024 introibis:
982 977 1058 1042 quas
1074 965 1131 1022 te⁴
1145 959 1280 1025 oonritor

186 1061 344 1143 excipiet,
359 1075 401 1124 ae
421 1060 585 1140 benigne;
606 1065 646 1122 ut
666 1063 699 1122 et
718 1058 867 1122 molliter
880 1058 1039 1135 assidere,
1055 1067 1091 1123 et
1104 1058 1279 1141 prandium

187 1161 327 1244 opipare
342 1160 484 1224 suadeat
498 1179 641 1224 sumere.
674 1159 741 1222 Sed
756 1165 791 1223 tu
805 1165 840 1226 ot
852 1160 945 1225 humi
960 1159 1096 1239 resides
1111 1167 1147 1225 et
1159 1181 1278 1245 panem

187 1259 357 1325 sordidum
374 1261 513 1341 petitum
527 1257 647 1324 ost0:⁶
668 1257 785 1322 deiude
798 1262 963 1338 nuntiato,
986 1259 1068 1343 quid
1091 1261 1279 1339 adveneris,

187 1369 424 1444 susceptoque,
447 1360 537 1443 quod
561 1361 737 1437 oderetur,⁷
758 1379 872 1425 rursus
886 1379 1048 1438 remeans,
1070 1363 1165 1428 conis
1179 1362 1280 1427 suevi-

185 1461 287 1524 tiem⁸
304 1462 409 1528 offula
433 1463 561 1545 reliqua
576 1461 721 1526 redime:
744 1481 787 1527 ae
800 1461 919 1526 deinde
933 1480 1035 1527 avaro
1049 1464 1173 1528 navitae
1186 1463 1279 1541 data,

187 1581 288 1645 quarn
310 1581 538 1628 reservaveras
551 1563 686 1646 stipem,
711 1565 922 1646 transitoque
944 1562 1018 1646 ejus
1039 1565 1153 1642 durio,
1173 1565 1280 1629 recal-

187 1671 292 1726 eans⁹
306 1666 417 1746 priora
432 1663 583 1744 vestigia,
594 1662 638 1727 ad
652 1665 754 1727 istum
767 1663 955 1729 coelestium
969 1664 1115 1728 siderum
1130 1665 1239 1729 redies
1250 1673 1280 1714 ¹¹

187 1762 348 1829 ehorum.¹¹
391 1763 460 1828 Sed
482 1764 571 1828 inter
598 1763 711 1828 omnio
733 1764 821 1827 hec²
846 1763 1086 1830 observandum
1109 1767 1279 1848 praeoipue

185 1928 299 1978 irenem
308 1927 476 1987 terresooiesdo
485 1927 615 1988 desmtos,
626 1927 737 1990 prosim
745 1929 877 1978 ssitotesrn
882 1932 960 1991 potest
971 1930 1064 1989 indere,
1072 1943 1145 1990 ogere
1153 1934 1277 1991 perpetuus

185 1993 295 2041 excutior
312 1999 368 2042 oste
380 1992 448 2051 sores
466 1997 490 2041 et
508 1993 582 2053 nigre
600 1993 691 2053 poietin
706 1992 866 2055 Proserpina,
875 1992 977 2043 custodit
991 1993 1073 2040 irum
1088 1995 1149 2041 odes
1161 1992 1277 2042 Pistoris.

187 2057 268 2106 Facile
275 2056 477 2119 pretergredieris
487 2055 548 2104 turre
563 2056 690 2104 coercituros
706 2055 792 2115 triecto
802 2071 849 2105 sso
857 2071 888 2106 es
897 2056 953 2106 libis
963 2056 1028 2104 isis:
1050 2061 1074 2105 et
1083 2056 1187 2104 intrudis
1196 2054 1279 2104 dotus

185 2123 218 2168 od
226 2120 302 2183 psum
315 2121 486 2184 Pruserpisoru,
503 2135 555 2182 pso
564 2119 665 2182 excipiet
676 2125 700 2168 ts
717 2120 801 2168 ΝΜ
809 2125 880 2182 otpse
893 2120 976 2181 msice,
985 2121 1044 2169 odes
1054 2124 1081 2168 st
1098 2125 1123 2169 te
1131 2120 1238 2168 donetur
1247 2122 1279 2168 od

185 2184 344 2232 sedesdsorirr
355 2183 462 2232 mvidiae
477 2185 596 2240 sedilibus,
607 2188 630 2232 et
647 2185 679 2232 od
696 2185 857 2247 prosderdsrrs
875 2186 946 2234 leste.
968 2183 1053 2233 Verres
1062 2189 1090 2233 trs
1100 2185 1156 2232 sede
1171 2183 1245 2243 mi,
1254 2187 1279 2232 st

184 2253 238 2310 pere
247 2253 325 2297 utrum
333 2261 426 2312 psorem,
436 2248 547 2309 iliumque
556 2246 685 2296 wmedito:
700 2247 757 2296 deire
765 2252 892 2296 memorato
899 2263 969 2296 cnseo
978 2246 1015 2296 tsi
1024 2250 1148 2308 matus,
1156 2252 1279 2311 poetpsuss

185 2313 301 2373 «coeperis
312 2313 371 2374 prod
383 2311 428 2360 riti
437 2311 580 2374 porrigetur,
590 2311 683 2359 rediens
690 2310 784 2370 iterum
791 2311 864 2360 libero
873 2317 896 2360 re
907 2312 954 2360 rior
962 2312 1076 2361 residuos
1087 2311 1151 2360 rodis
1160 2311 1227 2360 cusis
1232 2326 1243 2368 ,·
1254 2316 1279 2359 et

184 2380 265 2437 proteu
275 2376 402 2435 mmuh,
412 2389 479 2438 puers
488 2387 657 2434 resersnoeros,
667 2375 759 2423 trudito
766 2389 838 2423 oum
854 2375 977 2439 portitori,
985 2376 1126 2438 trrp'eetspse
1142 2390 1210 2424 unse
1219 2375 1278 2435 ἠν,

185 2439 346 2488 emendis
357 2439 400 2488 ior
410 2437 596 2501 Maure,
606 2438 730 2488 remotim
743 2438 836 2500 priores
851 2453 955 2501 ermes.
992 2439 1173 2490 Versussodoo
1189 2443 1216 2488 ut
1235 2439 1278 2488 too

187 2679 256 2729 Moli
266 2680 341 2730 deest
352 2681 377 2728 in
390 2679 503 2730 Pristin.
522 2681 636 2729 ord-8
652 2681 725 2730 Bert.
736 2682 837 2744 pseudo.
865 2679 978 2730 Videtur
988 2687 1140 2744 corruptum
1156 2694 1189 2730 er
1200 2693 1280 2744 prree.

187 2744 317 2793 territndo
324 2761 334 2802 ,-
354 2758 401 2794 nee
413 2744 446 2793 de
457 2745 508 2794 ulio
520 2745 630 2793 lectione
641 2745 700 2793 hine
710 2744 887 2808 cogitandum.
903 2745 990 2795 1r.-s
1006 2746 1080 2796 Bert.
1089 2745 1282 2808 superam

187 2807 303 2858 Eiruenh.
335 2807 366 2856 Iu
377 2816 527 2859 contextum
539 2807 565 2856 id
578 2810 679 2872 recepit
689 2809 771 2859 Scrir.
782 2823 823 2858 mo
833 2824 883 2858 nou
894 2808 1029 2873 probante.
1059 2809 1126 2859 Vide
1136 2808 1169 2859 sd
1177 2809 1243 2862 Lu.
1252 2824 1280 2874 p.

186 2875 229 2921 ⁷5.
256 2870 404 2922 ‘Collesi'ri
424 2872 748 2936 idossemperineubsns:
770 2874 881 2923 tired-i
899 2873 987 2924 Oxou.
997 2873 1091 2938 effron.
1107 2873 1229 2923 Ests.
1259 2889 1280 2924 r.

185 2951 200 2981 o
234 2951 280 2984 οι.
297 2935 387 2986 1o.-u
404 2888 491 2986 ὅκου.
501 2939 615 2998 prom.
632 2937 722 2986 1d.-s
739 2937 839 3000 Copula
849 2951 900 2986 nou
911 2947 1046 3001 oompsret
1062 2939 1088 2987 iu
1107 2938 1194 2988 Potor.
1273 2974 1281 2989 .

206 3006 261 3048 unt.
275 2997 336 3048 ΑΜ.
361 3001 465 3049 Desunt
484 3014 565 3064 usque
585 2999 617 3049 sd
635 3016 687 3063 psa
704 3001 730 3050 iu
748 2998 882 3051 Guelferb.
899 3003 986 3053 ira-e
1004 3003 1099 3052 Exulet
1108 3015 1248 3067 pronomen
1264 3017 1282 3052 s

186 3061 286 3111 D'Orr.
303 3061 389 3114 let-o
403 3063 453 3113 Ed.
463 3064 544 3112 Basti.
554 3077 594 3126 pr.
604 3063 714 3114 reddere.
739 3064 826 3113 Guelf.
837 3080 852 3115 a
863 3079 896 3114 nr.
908 3080 947 3129 pr.
957 3067 1069 3116 residens.
1081 3067 1172 3116 Id.-d
1188 3067 1281 3117 Petitur.

187 3127 252 3176 Fur.
269 3127 378 3188 petitsrs.
410 3126 448 3176 At
463 3125 524 3176 Alo.
539 3127 659 3189 petito.od
669 3126 851 3189 καταλαμβάνω.
869 3129 956 3178 Rooid.
979 3131 1040 3179 uss.
1057 3133 1080 3180 1.
1092 3137 1119 3179 et
1129 3130 1187 3179 Coi.
1195 3130 1280 3192 petito.

185 3189 229 3238 Sic
243 3189 419 3252 rescripsimus
430 3204 463 3239 ex
476 3189 551 3240 Rom.
562 3190 658 3239 codicis
670 3191 800 3254 scripture
811 3191 888 3256 Apol.
901 3205 921 3240 ι.
939 3191 1058 3256 ‘Accipe
1068 3192 1147 3254 siind,
1157 3193 1213 3254 psri
1225 3194 1280 3258 qui·

186 3251 245 3302 deru
257 3252 377 3314 nouitio,
388 3253 433 3302 sed
444 3254 524 3303 multo
537 3259 607 3304 teuto
619 3253 708 3302 vanius
720 3262 747 3305 ot
764 3256 872 3318 nequius
887 3255 1053 3319 excogitata!
1070 3257 1137 3305 Coie.
1170 3256 1221 3306 Ms.
1239 3273 1281 3319 pe·

186 3319 268 3367 titssr.
301 3316 374 3366 Alius
393 3318 443 3366 Mn.
462 3321 591 3380 muntem.
624 3315 719 3366 Furto:
736 3324 868 3382 peterere.
885 3319 990 3383 Seiopp.
1007 3319 1175 3383 iusymboln.
1213 3319 1283 3370 Peti-

186 3386 244 3431 θυι.
276 3380 465 3443 Vulgo‚petito.
493 3381 670 3444 Sciopppete,
683 3386 744 3433 tum.
761 3381 974 3431 Eimeuhorstius.
1001 3383 1032 3433 B.
1050 3384 1089 3433 M.
1102 3385 1210 3446 petiisses⁸
1227 3383 1280 3432 Pu·

188 3449 305 3496 teon-⁷
322 3443 452 3495 D'Orriil.
465 3445 551 3495 Oxou.
562 3443 670 3507 offertur.
689 3445 759 3494 Pith.
771 3446 838 3495 Fur.
846 3444 983 3495 Guelferb.
992 3445 1171 3497 Eddvieeut.
1179 3447 1280 3499 Juntin.

187 3508 270 3558 alde
292 3513 378 3559 amr.
390 3508 481 3558 ld.—a
497 3507 597 3560 D'Orr.
607 3506 696 3558 Gueif.
712 3508 1062 3574 Oxou.soeoitiurn‚perpstus
1074 3511 1224 3561 variatione.
1241 3511 1281 3561 Id.

186 3578 236 3623 -0
282 3587 316 3622 ss.
326 3574 436 3622 recolens.
446 3572 553 3636 Seiopp.
564 3572 590 3622 in
602 3571 729 3636 Symbola.
746 3574 817 3623 Flos.
829 3580 857 3623 et
867 3573 941 3624 Fuir.
951 3575 1028 3638 iiber,
1037 3576 1146 3624 recoleres.
1161 3574 1280 3625 Eimeuh.

190 3637 300 3686 Reoolm
317 3635 403 3686 serron
425 3651 457 3686 er
477 3636 564 3686 Oxou·
589 3636 726 3687 rrum-r
747 3637 833 3687 Redies
851 3651 908 3702 pro,
926 3639 1033 3703 redibis,
1043 3653 1094 3703 quo
1105 3638 1166 3688 eiibi
1176 3652 1230 3688 som
1251 3654 1280 3689 er

187 3702 278 3758 utitur,
289 3699 330 3750 hle
343 3701 455 3751 retinent
465 3701 530 3749 Mss.
541 3699 590 3749 nisi
601 3700 669 3764 quod
679 3701 705 3750 iu
717 3701 775 3752 Psi.
784 3702 817 3751 sit
827 3701 929 3751 rediens.
946 3702 1064 3753 ond-2
1081 3703 1140 3752 Hir.
1151 3703 1221 3754 Flos.
1273 3738 1280 3752 .

188 3763 400 3816 Eimsuirorstius.
417 3765 486 3815 item
498 3763 598 3814 D'Orr.
610 3765 682 3816 Pith.
694 3765 759 3817 For.
771 3764 862 3818 Gueif.
872 3771 901 3815 et
911 3767 960 3816 Ed.
969 3768 1083 3818 Scrirsr.
1102 3767 1156 3818 Hes
1168 3767 1281 3818 Pristin.

682 3893 791 3946 NOTAE

220 3989 327 4042 ‘sem
344 4003 440 4040 meurs
451 3987 521 4040 Ditis
537 3989 642 4053 dorsum
658 3990 715 4040 Vir·
755 4004 819 4056 pore
831 3991 929 4040 umbris
939 3989 1094 4055 plenssuut.

188 4067 233 4131 gii.
248 4066 372 4129 ‘Perque
382 4064 471 4114 domos
481 4063 550 4114 Ditis
567 4079 671 4127 socors,
688 4071 717 4116 et
787 4073 800 4110 ⁸
816 4064 914 4128 Redire]
926 4064 1097 4128 drohoisrnus,
1106 4078 1164 4129 pro,
1174 4064 1280 4118 redibIs.

188 4141 276 4192 inanis
295 4140 398 4204 κως·
415 4139 513 4204 quippe
533 4154 590 4205 quse
612 4140 715 4191 simois·
786 4137 932 4203 hcm]
947 4139 1046 4191 Choreu
1065 4140 1170 4204 propris
1185 4154 1280 4190 omen-

189 4217 351 4269 cristautom
362 4222 520 4278 mortuorum
539 4222 567 4266 et
585 4215 641 4268 sino
661 4230 716 4268 eor·
755 4214 821 4268 tiuur
831 4223 881 4268 est.
913 4216 966 4268 iiio
981 4229 1030 4282 pro
1048 4223 1174 4270 astrorum
1188 4216 1281 4282 epm-
