3000 4859
463 374 696 429 rssrrnortrs
722 380 771 427 nn
793 380 970 431 arnano.
1214 370 1260 438 20

169 540 286 587 munes
307 520 470 587 nonnulla
490 520 614 587 iaciunt
639 521 776 605 Angelis
795 525 924 590 sanctis
946 524 1080 605 similia,
1093 544 1161 591 non
1175 528 1260 594 reri·

171 628 249 699 tate,
263 622 324 687 sed
338 624 466 707 specie,
490 642 554 689 nun
568 624 746 707 sapientia,
766 625 827 691 sed
846 626 943 710 plane
956 626 1113 709 fallaciu3
1134 634 1258 707 tamen,

170 726 199 789 si
214 724 256 789 de
271 724 358 803 istis,
372 731 413 791 nt
424 724 508 803 dixi,
524 744 611 810 qnos
635 724 758 809 hlngus
778 725 833 792 vel
856 727 1085 812 Philosophus
1105 730 1259 796 lendahi·

170 826 243 893 liter
255 826 435 906 nominant,
450 827 517 893 tale
531 826 661 912 aliquid
674 834 861 895 narraretur
864 875 1002 894 .....

407 1010 504 1077 Idem
518 1011 562 1075 de
577 1010 677 1077 civit.
694 982 761 1077 Dei
771 1011 831 1076 lib.
849 1027 898 1075 tv.
914 1011 1033 1095 cap2.

212 1143 307 1222 Quae·
332 1163 401 1210 nnu
425 1145 504 1209 lucu
525 1143 688 1227 Apuleius
708 1145 854 1213 breviter
874 1146 1008 1229 stringit
1035 1147 1070 1209 in
1091 1164 1134 1211 eo
1160 1147 1258 1227 libro,

151 1265 269 1339 ‚qoem
294 1246 350 1311 De
376 1244 505 1311 Mundo
529 1244 744 1331 conscripsit:
767 1251 898 1311 terrena
923 1247 1035 1311 omnia
1057 1246 1173 1312 dicens
1187 1268 1259 1314 mu-

168 1349 313 1417 meones
327 1348 627 1430 conversionesque
641 1352 742 1431 atqne
752 1349 908 1414 interitus
929 1348 1062 1413 hahere.

510 1530 604 1597 Idem
619 1531 679 1597 lib.
690 1547 771 1597 vlu.
784 1551 860 1616 cap.
875 1532 929 1599 12.

211 1663 431 1730 Recentiores
444 1672 556 1731 tamen
570 1662 768 1749 Philosophi
788 1664 996 1744 nobilissimi,
1011 1666 1136 1750 quibus
1158 1666 1257 1734 Plato

170 1764 347 1830 sectandus
360 1765 498 1850 placuit,
508 1766 682 1831 noluerunt
696 1784 734 1830 se
749 1765 816 1831 dici
828 1766 1087 1850 Peripateticos,
1100 1776 1158 1833 aut
1168 1769 1260 1834 Aca·

170 1865 332 1943 demicus,
347 1867 407 1931 sed
423 1864 630 1932 Platonicus.
674 1864 728 1931 Ex
743 1867 866 1949 quibus
882 1875 960 1932 snnt
974 1868 1072 1933 valde
1095 1869 1260 1935 nohilitati

170 1963 295 2043 Graeui,
316 1966 484 2044 Plotinum
504 1965 717 2044 lamblichus,
747 1966 964 2051 Porphyrius:
987 1969 1022 2033 in
1045 1976 1187 2052 utraque
1200 1990 1260 2035 an·

171 2076 238 2133 tem
251 2068 375 2151 lingna,
388 2069 425 2132 id
439 2074 501 2145 est,
516 2066 639 2133 Graeca
659 2080 694 2131 et
713 2066 845 2147 Latina,
860 2067 1028 2152 Apuleius
1043 2066 1129 2134 Aser
1144 2071 1261 2137 extitit

171 2168 370 2235 Platonicus
383 2168 517 2235 nobilis.

598 2318 709 2385 Panlo
731 2324 835 2404 pust:

214 2452 305 2519 Haec
316 2454 347 2518 si
361 2453 411 2521 itu
422 2459 510 2532 snnt,
522 2473 599 2537 qum
609 2454 689 2520 licet
699 2452 792 2537 spnd
802 2454 888 2521 elius
902 2473 1037 2537 quoqne
1047 2454 1261 2538 reperiantur,

170 2550 337 2637 Apuleius
359 2560 470 2619 tamen
493 2554 691 2620 Platonicus
714 2553 951 2619 Madaurensis
974 2554 1017 2618 de
1040 2557 1104 2621 hnc
1124 2576 1160 2620 re
1187 2556 1261 2619 sole

171 2672 274 2717 nnnm
300 2655 437 2739 scripsit
458 2654 591 2731 librum,
613 2654 707 2739 anns
725 2655 856 2719 titnlnm
870 2673 947 2719 esse
966 2655 1075 2719 vulnit
1103 2656 1157 2720 De
1183 2657 1259 2721 Deo

172 2756 347 2820 Socratis:
369 2753 426 2819 nhi
449 2755 587 2819 disserit
606 2762 640 2820 et
667 2754 816 2838 exponit,
840 2774 883 2819 ex
905 2774 973 2837 quo
998 2772 1116 2836 genero
1143 2754 1262 2820 Numi·

172 2874 252 2925 trum
269 2854 402 2921 Numen
416 2857 480 2922 sihi
506 2856 663 2922 Socrates
685 2856 833 2921 habebat
858 2854 1051 2939 adjunctum
1065 2862 1099 2923 ct
1111 2855 1262 2921 amicitia

173 2956 315 3039 quadam
330 2958 554 3035 conciliatum,
569 2976 591 3022 a
609 2976 677 3041 quo
699 2956 891 3041 perhibetur
903 2955 1023 3021 solitus
1036 2955 1215 3033 admoneri,
1226 2963 1263 3021 nt

174 3058 348 3122 desisteret
369 3060 411 3123 ab
435 3058 576 3140 egendo,
592 3057 724 3141 qnando
751 3057 787 3120 id
809 3056 899 3140 qnod
921 3076 1016 3139 agere
1031 3055 1168 3121 volebat
1181 3076 1260 3140 pru-

175 3178 271 3242 spere
285 3178 352 3223 nun
362 3157 470 3223 fueret
485 3164 690 3223 eventurum:
705 3156 789 3222 dicit
802 3157 887 3221 enim
898 3156 1107 3241 apertissime
1120 3163 1154 3221 et
1167 3158 1263 3242 cupi·

173 3261 330 3325 usissime
351 3259 497 3339 disserit,
515 3279 583 3325 nun
606 3279 681 3325 eum
704 3259 817 3325 Deum
839 3278 929 3337 essu,
954 3258 1017 3321 sed
1041 3259 1260 3323 Damonem:

174 3361 325 3445 diligenti
347 3361 571 3445 disputatione
592 3364 800 3445 pertractans
825 3362 927 3425 istam
948 3357 1099 3423 Platonis
1112 3358 1155 3422 ds
1171 3358 1261 3422 Deu-

174 3482 247 3557 rum
262 3463 477 3539 sublimitate,
492 3468 524 3527 et
534 3460 706 3526 hominnm
724 3460 921 3536 hnmilitate,
932 3464 969 3522 et
980 3456 1180 3523 Deemunnm
1194 3475 1263 3522 me·

175 3564 300 3629 dietate
321 3566 528 3629 sententiam.
546 3608 554 3627 .
571 3612 579 3631 .
597 3609 605 3626 .

622 3709 752 3774 Ibidem
766 3707 900 3774 deinde.

218 3846 289 3913 Aut
312 3867 388 3929 ergo
403 3847 526 3912 l'nllitnr
540 3843 718 3928 Apuleius,
734 3850 850 3908 utnun
864 3840 992 3906 existo
1007 3856 1126 3921 genero
1141 3836 1262 3901 Numi·

176 3970 251 4015 nnm
269 3950 387 4015 habuit
410 3947 554 4013 amicum
569 3944 734 4021 Socrates,
756 3950 816 4009 ant
832 3941 999 4007 contraris
1010 3941 1096 4003 inter
1109 3956 1149 4003 se
1163 3938 1263 4003 sentit

176 4051 289 4127 Platu,
300 4050 402 4117 modu
417 4050 599 4117 Daemunes
612 4046 820 4123 honorando,
834 4042 935 4109 modu
954 4060 1068 4107 eornm
1090 4039 1229 4108 delicies
1240 4058 1262 4103 s

177 4152 313 4217 civitate
327 4150 414 4216 bene
429 4156 560 4215 moratu
574 4147 791 4213 removendo:
813 4152 873 4210 ant
885 4162 952 4208 nun
965 4145 1017 4207 est
1037 4141 1166 4213 Socrati
1181 4138 1262 4207 ami·
