3000 4859
244 374 288 440 26
640 394 796 444 nrunnrr
822 398 922 445 vrri.

242 531 305 597 frui
319 530 371 599 bis
386 533 528 613 deliciis,
543 541 589 613 et,
604 537 632 601 si
647 558 722 621 quoe
738 540 773 602 in
799 540 842 603 iis
857 540 1020 605 stomachi
1034 541 1139 605 nostri
1152 542 1326 609 infirmita·

243 640 311 699 tem
332 637 508 714 solverent,
531 646 633 705 cauta
655 641 890 706 observatione
912 642 1092 724 sublegere,
1106 645 1197 708 stab
1211 664 1327 709 eorum

242 744 396 802 contactu
417 743 598 822 temperare
615 743 738 824 potius,
755 761 855 825 quam
868 748 975 807 totum
991 744 1181 811 inconsulta
1194 749 1326 811 temed-

241 846 308 905 tate
323 840 486 906 damume.
528 841 596 906 Sed
610 862 663 907 nae
679 863 741 925 ego
756 844 940 927 imperitus,
955 846 1014 928 qui
1035 865 1171 911 causam
1186 847 1325 931 Apuleii

240 961 349 1025 agam,
364 961 440 1007 cum
454 949 543 1008 recte
564 944 740 1009 sentientes
761 951 977 1010 accusatores
990 966 1054 1009 non
1075 945 1189 1011 babet.
1233 946 1324 1026 Quin

240 1044 351 1127 potius
364 1045 525 1111 cohibebo
547 1064 612 1124 me,
636 1053 670 1112 et
692 1053 902 1113 contemnam
917 1047 1032 1111 stultis
1046 1053 1082 1111 et
1095 1048 1258 1131 imperitis
1272 1069 1324 1113 re-

239 1142 411 1226 spondem,
427 1146 560 1230 quibus,
580 1152 615 1211 ut
628 1147 754 1230 pueris,
780 1148 893 1211 terrori
907 1166 1014 1211 rerum
1032 1149 1168 1226 umbrae,
1189 1169 1267 1215 curn
1280 1150 1323 1213 de

238 1245 326 1328 ipsis
340 1244 533 1329 corporibus
554 1268 673 1331 parum
695 1255 840 1325 constat,
862 1267 939 1332 quae
965 1249 1083 1313 intueri
1105 1256 1164 1314 aut
1187 1257 1323 1331 tangere

237 1354 397 1411 verentur.
442 1347 572 1433 Nempe
596 1355 759 1432 spernunt
786 1369 862 1432 quse
890 1352 1052 1431 ignorant,
1072 1355 1107 1413 et
1127 1349 1324 1415 difficultate

238 1448 343 1511 territi
357 1446 536 1513 admouere
554 1468 671 1513 manus
685 1470 752 1514 non
776 1451 906 1515 audent.
948 1450 1021 1533 Ego
1036 1452 1184 1535 proiecto
1198 1452 1321 1534 grande

237 1568 348 1632 operes
372 1548 510 1633 pretium
533 1552 605 1629 tuli,
634 1552 724 1635 quod
751 1551 863 1616 Genio
886 1570 959 1615 meo
987 1552 1201 1635 paucissimis
1229 1553 1322 1618 bisce

236 1648 327 1713 horis
348 1650 456 1717 litam.
500 1650 590 1730 Quid
615 1654 700 1717 enim
727 1654 844 1717 attinet
867 1652 1009 1717 circuita
1033 1654 1153 1734 egeret
1183 1652 1322 1738 Semper

236 1748 323 1816 adeo
346 1758 526 1818 amatorem
550 1772 602 1818 me
625 1753 741 1818 habuit
764 1752 941 1835 Apuleius,
956 1751 1000 1816 ad
1022 1752 1120 1836 cujus
1141 1753 1320 1818 lectionem

235 1853 338 1917 etiam
354 1856 470 1937 primis
494 1856 590 1919 anuis
618 1856 806 1938 impetuose
828 1855 1004 1937 rapiebar:
1025 1872 1092 1917 non
1105 1853 1196 1936 quod
1209 1855 1320 1938 place·

234 1960 304 2017 rent
330 1955 441 2020 dulcia
462 1956 520 2021 illa
540 1957 634 2035 vitia,
656 1962 714 2021 aut
740 1955 833 2039 quod
853 1974 1051 2038 magnopere
1085 1974 1140 2018 me
1162 1965 1320 2038 caperent

234 2052 378 2121 Milesiae
394 2065 429 2121 et
447 2058 481 2122 id
495 2076 597 2140 genus
618 2063 829 2139 nugamenta,
844 2074 921 2137 quae
935 2074 978 2118 ne
999 2053 1163 2119 tralatitia
1184 2057 1318 2139 quidem

232 2157 372 2222 lectione
388 2157 516 2240 dignari
532 2159 634 2236 soleo,
657 2164 691 2222 et
713 2156 870 2239 aquibus
884 2156 983 2219 etiam
997 2156 1056 2220 illa
1070 2162 1172 2221 estate
1188 2156 1319 2240 judicio

234 2258 470 2337 abhorrebam
485 2256 693 2344 (quanquam
710 2263 745 2322 et
760 2256 882 2321 summi
894 2256 958 2321 viri
973 2257 1017 2320 ad
1031 2257 1127 2321 lusus
1140 2266 1177 2322 et
1188 2276 1318 2325 amores

232 2360 412 2423 narrandos
437 2358 686 2436 descenderunt,
701 2366 737 2422 et
751 2358 955 2440 gravissimae
974 2357 1130 2422 doctrinae
1145 2368 1318 2443 praecepta

232 2458 368 2523 ludicris
382 2459 455 2523 istis
468 2466 716 2544 temperarunt:
739 2477 881 2542 quorum
896 2459 1051 2542 exemplo
1076 2459 1235 2524 incitatus
1254 2461 1317 2526 ali·

231 2557 365 2641 quando
378 2560 486 2626 simile
508 2570 735 2644 argumentum
759 2561 909 2643 suscepi,
923 2580 986 2625 nec
1009 2561 1083 2624 visa
1104 2569 1157 2627 est
1178 2562 1317 2626 eruditis

230 2658 369 2744 illepide
382 2680 517 2744 prorsus
533 2670 567 2725 et
580 2663 749 2744 inelegans
769 2660 983 2744 compositio,
1005 2661 1102 2743 cujus
1124 2664 1315 2745 praecipuus

230 2760 306 2825 finis
322 2770 358 2827 ut
371 2764 484 2827 Latini
500 2764 659 2827 sermonis
669 2784 784 2848 parum
799 2764 917 2847 peritis
933 2762 1095 2846 eriperem
1108 2762 1229 2827 salsam
1243 2782 1315 2846 per·

231 2864 513 2945 suasionemque
536 2864 740 2928 imbiberunt
760 2862 890 2928 Lafiuae
919 2862 1059 2944 Linguae
1082 2869 1208 2927 tantum
1227 2865 1314 2946 rigo-

230 2982 311 3040 rem,
325 2964 374 3027 ita
388 2964 475 3028 euim
490 2972 621 3040 vocant,
636 2978 674 3030 ut
687 2966 774 3029 flecti
789 2964 833 3028 ad
853 2964 916 3028 has
930 2962 1077 3027 Veneres
1091 2982 1156 3027 non
1171 2964 1315 3048 possit3)

229 3063 290 3129 sed
304 3064 455 3130 trahebat
475 3086 527 3129 me
542 3086 726 3131 consensus
740 3066 955 3148 ingeniorum,
970 3064 1024 3129 vel
1038 3067 1152 3149 potius
1164 3068 1313 3148 proprie·

227 3170 281 3230 tas
295 3167 447 3250 quaedam
472 3174 506 3231 et
530 3167 710 3251 peculiaris
734 3167 839 3249 gratia
862 3166 1043 3249 Apuleiani
1064 3166 1195 3247 ingenii,
1211 3186 1312 3248 quam

227 3267 389 3331 sentinet
406 3268 684 3353 intelligopotius
706 3288 806 3351 quam
830 3265 975 3350 protero,
994 3273 1033 3329 ut
1054 3284 1121 3328 uon
1143 3266 1255 3331 dicam
1269 3268 1313 3333 de

227 3376 322 3434 secta
338 3369 514 3435 Platonica
527 3377 560 3434 et
572 3378 644 3435 tota
657 3369 915 3454 philosophandi
934 3371 1071 3432 ratione.
1116 3366 1210 3431 Nihil
1225 3370 1311 3435 adeo

226 3476 261 3533 et
274 3489 336 3533 nos
358 3490 519 3548 amamus,
541 3470 623 3536 nihil
644 3472 809 3548 novimus,
831 3470 897 3533 nisi
918 3469 1049 3545 festum,
1073 3475 1108 3533 et
1126 3469 1251 3549 laetum,
1277 3479 1312 3538 et

225 3589 392 3654 superum,
406 3579 440 3635 et
453 3572 601 3646 coeleste,
616 3579 655 3634 ut
677 3572 740 3634 rite
755 3571 896 3635 decebat
917 3569 1080 3634 bominem
1095 3571 1222 3651 optimo
1234 3572 1310 3636 loco

224 3678 350 3749 natum,
364 3679 399 3735 et
417 3672 599 3736 liberaliter
612 3672 797 3736 educatum.
834 3670 932 3735 Salve
945 3672 1056 3752 igitur,
1069 3670 1150 3733 mibi
1160 3670 1310 3754 jucunda

225 3773 346 3850 anima,
362 3778 396 3837 et
410 3772 468 3835 has
489 3772 643 3850 corollas,
657 3793 742 3857 quas
758 3774 868 3857 sparsi
882 3773 926 3839 ad
944 3772 1116 3851 tumulum,
1127 3772 1201 3856 jam
1216 3792 1308 3838 ares·

222 3876 335 3939 centes
349 3870 467 3937 lubens
478 3873 609 3955 excipe.
