3000 4859
223 368 245 431 2
677 384 869 433 snrsroaa,

225 528 383 613 potentiae
413 526 597 612 gloriaeque
625 546 743 593 nomeu
774 534 921 591 vestrum
950 526 1065 590 evexit
1098 524 1321 590 Luuovrcus

228 630 407 708 MAGNUS,
431 648 550 711 parens
565 634 655 704 tuus,
676 629 728 692 sic
742 646 811 691 rem
826 626 995 691 Gallicam
1018 626 1204 710 prudentia,
1229 626 1322 691 Reli·

227 732 357 815 giouem
371 731 498 814 pietate
515 730 691 806 stabilivit,
714 730 766 793 sic
788 729 975 793 invidorum
990 727 1260 810 insensommque
1273 728 1323 792 vi·

228 832 374 897 cinorum
388 831 526 896 hostiles
541 832 671 895 animos
685 830 784 911 tregit
797 830 908 908 armis,
926 830 976 893 sio
989 830 1123 893 virtutis
1134 847 1207 893 sum
1219 828 1324 893 admi·

227 933 358 997 ratione
374 950 414 997 ao
429 932 519 996 sama
534 950 640 995 rerum
664 938 833 1013 gestarum
856 938 1023 995 extremas
1041 930 1133 995 orbis
1148 936 1264 1011 gentes
1279 930 1323 994 ad

229 1035 284 1100 sui
298 1034 543 1098 venerationem
560 1034 718 1111 concivit,
740 1042 781 1097 ut
795 1032 889 1097 nulla
902 1032 974 1120 jam
988 1051 1090 1115 poene
1103 1031 1216 1097 muudi
1230 1032 1324 1095 natio

229 1137 284 1213 sit,
308 1134 421 1199 nullus
447 1134 606 1218 populus,
628 1134 724 1217 cujus
750 1155 803 1200 res
827 1134 1038 1217 rationesque
1060 1153 1128 1198 non
1155 1134 1224 1197 sint
1248 1151 1324 1196 cum

229 1237 350 1301 restris
364 1236 476 1319 aliquo
491 1236 590 1301 modo
607 1238 820 1321 conjunctae:
843 1237 921 1300 dum
944 1235 1008 1301 hos
1028 1240 1192 1299 sustentat
1204 1234 1326 1317 opibus

230 1339 397 1421 Princeps
411 1338 752 1414 munificentissimus,
773 1337 850 1401 illos
872 1356 1035 1401 armorum
1051 1343 1171 1401 terrore
1184 1334 1326 1398 bellator

230 1441 412 1505 acerrimus
438 1440 586 1503 continet
612 1440 646 1503 in
676 1437 800 1512 officio,
829 1438 914 1502 alios
940 1437 1116 1502 coufirmat
1144 1434 1325 1520 praesidiis,

232 1542 318 1608 alios
331 1542 388 1605 rel
403 1540 477 1605 sola
489 1541 633 1605 nominis
646 1540 699 1605 sui
714 1542 833 1631 umbra
843 1548 938 1604 tutos
951 1558 1152 1621 securosque
1167 1543 1327 1620 praestum

232 1650 266 1708 et
280 1642 434 1709 stabilita
447 1650 499 1707 tot
512 1642 688 1728 triumphis
703 1662 790 1726 pace
802 1662 872 1707 uou
895 1641 940 1707 ad
964 1640 1082 1705 luxum
1107 1646 1141 1704 et
1163 1638 1327 1703 desidiam

233 1744 395 1818 abutitur,
411 1743 469 1807 sed
485 1743 681 1828 ampliorem
698 1744 764 1808 sibi
781 1762 826 1807 ex
840 1750 939 1826 parto
952 1762 1012 1825 per
1026 1762 1101 1805 eam
1117 1740 1200 1818 otio,
1227 1758 1328 1823 quam

233 1866 277 1911 ex
293 1847 461 1921 omnibus,
484 1864 568 1928 quas
592 1844 716 1921 retulit,
738 1844 902 1918 victoriis,
922 1842 1059 1907 laudum
1075 1847 1220 1925 segetem
1235 1860 1328 1924 quae·

233 1947 286 2012 rit.
331 1946 444 2010 Nullis
463 1947 590 2028 quippe
604 1945 676 2028 jam
691 1945 819 2009 relictis
832 1945 868 2007 iu
881 1943 945 2007 hac
960 1943 1053 2007 orbis
1066 1945 1155 2021 luce,
1171 1962 1256 2027 quos
1271 1942 1329 2007 de·

232 2047 343 2125 bellet,
367 2046 534 2122 hostibus,
558 2046 667 2128 ipsum
692 2046 903 2110 tenebrarum
927 2044 1120 2129 Principem
1134 2044 1329 2129 aggreditur,

233 2156 267 2213 et
286 2148 328 2213 de
343 2147 492 2213 coalitum
508 2145 619 2211 adhuc
635 2148 793 2230 amplius,
817 2146 975 2230 quamde
987 2147 1177 2212 mortalium
1195 2146 1329 2229 judicio

235 2250 401 2327 solicitus,
424 2247 501 2313 dum
517 2251 778 2314 commeantium
794 2249 941 2333 undique
961 2250 996 2313 iu
1010 2249 1073 2313 has
1086 2267 1163 2312 oras
1187 2248 1331 2313 advena·

233 2372 306 2419 rum
322 2351 570 2415 admirationem
586 2353 740 2433 superbis
754 2350 973 2415 edificiorum
987 2369 1028 2414 ac
1046 2349 1331 2414 substructionum

235 2451 381 2517 molibus
397 2452 532 2529 excitat,
548 2452 637 2534 apud
654 2451 803 2516 coelestis
818 2455 937 2537 patriae
952 2453 1045 2517 cives
1060 2451 1214 2534 plausum
1225 2452 1331 2515 multo

231 2551 465 2636 jucundiorem
496 2571 541 2617 ex
570 2552 742 2619 subversis
772 2553 939 2618 haereseos
969 2554 1103 2641 templis
1131 2559 1330 2636 aucupatur.

236 2654 456 2721 Tetmrimurn
470 2654 551 2718 illud
566 2660 761 2730 monstrum,
771 2655 861 2739 quod
878 2654 982 2719 nullis
996 2655 1204 2737 superiorum
1216 2674 1332 2736 regum

238 2755 351 2830 armis,
362 2754 465 2820 nullis
479 2756 653 2819 conatibus
669 2755 799 2820 domari
813 2761 978 2838 potuerat,
989 2757 1130 2821 otiantis
1144 2755 1332 2821 Lunovrcr

239 2854 372 2919 Mnout
404 2852 585 2918 subcisivis
614 2856 703 2919 curis
732 2855 969 2920 debellandum
999 2858 1207 2923 servabatur.
1251 2856 1332 2936 Quo

233 2954 306 3038 jam
329 2958 497 3038 prostrato
521 2972 562 3017 ac
585 2954 721 3035 penitus
747 2954 914 3032 consecto,
935 2958 1064 3022 sanatis
1079 2964 1180 3040 atque
1195 2958 1240 3023 ad
1255 2978 1334 3023 oon·

239 3054 389 3121 cordiam
403 3061 438 3119 et
452 3054 604 3118 unanime
620 3060 691 3117 tum
706 3074 786 3137 erga
810 3055 932 3134 Deum,
957 3063 1027 3122 tum
1048 3078 1126 3141 erga
1140 3058 1335 3142 Principem

239 3154 438 3237 obsequium
462 3153 607 3219 reductis
636 3173 772 3219 suorum
801 3158 947 3221 omnium
975 3158 1107 3236 animis,
1137 3160 1336 3242 propagatis

238 3254 306 3317 lato
322 3254 455 3331 linibus,
484 3260 518 3319 et
538 3254 691 3319 hostibus
714 3265 774 3319 aut
799 3255 929 3334 deletis,
952 3265 1011 3324 aut
1031 3258 1189 3323 cladibus
1203 3258 1276 3322 suis
1291 3258 1337 3322 ad

240 3354 375 3418 saniora
396 3355 564 3419 revocatis
587 3355 739 3432 consilia,
764 3355 845 3437 quid
867 3358 969 3423 babet
991 3361 1136 3443 amplius
1158 3358 1273 3425 Gallia
1290 3360 1337 3425 ad

241 3474 403 3519 summam
418 3456 613 3521 felicitatem
628 3457 824 3539 optandum,
846 3458 911 3522 uisi
934 3467 972 3523 ut
992 3479 1034 3525 ea
1056 3462 1192 3545 propria
1212 3462 1336 3526 sibiae

241 3561 403 3637 perpetua
419 3557 510 3620 Deus
526 3558 651 3637 faciat3
672 3558 737 3622 hoc
757 3565 821 3636 est,
844 3566 882 3624 ut
898 3561 1000 3625 vitam
1016 3560 1102 3643 Regi
1118 3563 1246 3646 optimo
1262 3563 1337 3627 diu·

241 3655 474 3733 turpissimam,
496 3663 529 3721 et
544 3656 677 3721 Prolem
698 3661 831 3724 virtutis
851 3660 925 3744 ejus
940 3662 1109 3741 aemulam,
1123 3664 1222 3747 eiquo
1236 3684 1337 3747 quam

244 3756 445 3821 simillimam
462 3758 651 3823 concedatl
674 3758 827 3826 Alterum
851 3769 890 3827 ut
913 3784 1085 3846 speremus
1108 3764 1239 3829 iaciunt
1260 3784 1337 3829 cum

243 3859 366 3921 eximia
389 3858 423 3921 iu
439 3858 709 3925 florentissimum
728 3862 795 3927 hoe
819 3862 973 3945 &gnum
998 3865 1153 3947 Supremi
1179 3864 1338 3931 Numinis

243 3958 441 4039 benignitas,
460 3966 529 4025 tum
540 3962 640 4044 juges
656 3963 857 4028 castissimae
871 3962 997 4028 Christi
1012 3965 1156 4046 Sponsae
1170 3964 1338 4031 Eoolesim

244 4076 305 4139 pro
320 4058 567 4126 studiosissimo
583 4061 770 4144 splendoris
784 4082 825 4127 ac
838 4062 916 4127 fidei
932 4082 1004 4127 suae
1020 4071 1186 4131 assertore
1198 4084 1336 4151 proces:

243 4156 380 4224 alterum
395 4161 467 4243 iam
483 4163 581 4227 nobis
597 4182 795 4229 concessum
810 4182 879 4227 uon
893 4165 966 4229 siue
987 4164 1237 4248 jucundissimo
1252 4169 1339 4235 laeti·
