3000 4859
549 354 706 409 neuneu
734 354 833 403 vrrs.
1192 338 1237 403 lh

133 498 309 582 nophanes
324 496 481 579 Satyrus:
504 492 673 579 Apuleius
689 496 762 562 haec
781 497 895 561 omnin
916 516 1100 581 novemque
1116 496 1236 561 Musas

133 601 209 681 pari
225 598 339 664 studio
355 597 457 663 colit.’
486 598 589 663 Hanc
604 604 714 664 tamen
737 605 866 663 tantam
889 607 1023 681 tamque
1045 598 1172 663 variam
1187 600 1238 661 in·

134 699 225 781 genii
247 704 281 764 et
315 699 491 766 industriae
521 701 642 765 sarnam
670 701 744 783 pari
781 719 944 765 consensu
966 709 1142 766 assecutus
1173 707 1236 766 est.

136 800 277 879 Quanta
306 802 394 865 eninr
423 802 526 866 animi
549 804 776 879 contentione,
806 820 908 885 quam
933 801 1101 867 indefesso
1123 803 1237 866 studio

137 902 286 985 optimas
316 906 403 966 artes
433 908 585 967 sectatus
613 902 668 979 sit,
688 902 764 985 ipse
787 902 829 967 de
850 920 888 965 se
910 908 1067 967 testatum
1095 903 1237 986 reliquit.

137 1002 266 1067 Scribit
280 1002 370 1066 enim
386 1001 618 1085 inApologia,
647 1003 954 1067 ‘continuationem
966 1003 1092 1068 literati
1112 1005 1239 1070 laboris

139 1124 272 1169 omnem
295 1105 437 1186 gratiam
463 1122 601 1187 corpore
625 1104 814 1181 detersisse,
828 1104 1055 1169 hebitudinem
1070 1114 1239 1184 tenuasse,

140 1205 288 1271 colorem
298 1206 511 1285 obliterasse,
522 1208 669 1288 vigorem
683 1207 895 1284 debilitasse,
911 1226 949 1271 se
964 1208 1008 1271 ab
1021 1208 1154 1271 ineunte
1164 1226 1239 1274 aero

141 1308 222 1371 unis
235 1306 356 1371 studiis
372 1306 541 1373 literarum
557 1328 600 1371 ex
615 1309 756 1373 summis
771 1309 896 1373 viribus
910 1307 1071 1385 deditum,
1085 1311 1240 1375 omnibus

142 1408 220 1473 aliis
245 1408 367 1491 spretis
389 1408 630 1491 voluptatibus,
652 1428 757 1493 super
778 1429 892 1475 omnes
913 1411 1067 1475 homines
1088 1412 1240 1495 impenso

141 1510 272 1587 labore,
296 1508 356 1573 din
376 1515 557 1593 noctoque,
584 1528 660 1575 cnm
684 1511 850 1595 despectu
877 1520 913 1577 et
942 1511 1117 1596 dispendio
1140 1515 1240 1579 bonae

141 1609 348 1675 valetudinis
380 1610 607 1694 eloquentium
636 1612 856 1697 quaesivisse?
898 1610 1039 1698 Absque
1067 1634 1110 1679 eo
1137 1621 1239 1693 esset,

145 1729 260 1775 omnes
280 1709 348 1774 iere
367 1711 563 1793 disciplinas
583 1732 651 1777 non
666 1715 832 1792 excolere,
847 1716 909 1780 sed
928 1735 970 1780 ne
983 1716 1153 1799 percipere
1168 1717 1241 1799 qui-

145 1812 221 1877 dem
236 1811 417 1894 potuisset.
441 1811 537 1876 Nihil
556 1832 637 1877 vero
664 1816 864 1899 optimorum
878 1816 1063 1881 studiorum
1077 1818 1241 1883 intactum
1350 1879 1354 1885 .

144 1914 291 1997 reliquit
304 1912 490 1977 ‘Poimata
501 1933 597 1979 omne
607 1934 710 1997 genus
724 1935 762 1980 se
771 1916 965 1981 coniecisse’
975 1919 1145 1999 gloriatur,
1161 1923 1242 2000 ‘ap-

145 2020 181 2079 ta
209 2016 304 2099 lyrae,
332 2033 446 2091 socco,
471 2015 644 2092 cothurno,
671 2016 809 2100 Satyrus
830 2023 865 2081 et
886 2017 1046 2100 Griphos,
1072 2017 1243 2083 Historias

148 2116 315 2180 variarum
352 2134 473 2191 rernm,
509 2112 698 2191 Orationes,
728 2117 907 2198 Dialogos,
930 2123 964 2181 et
986 2118 1056 2181 alia
1076 2117 1243 2200 ejusmodi

147 2222 216 2281 tarn
231 2216 352 2282 Graece
367 2235 464 2300 quarn
480 2214 622 2281 Latine?
659 2216 714 2279 Ex
728 2216 782 2279 his
798 2223 906 2279 tamen
921 2221 988 2281 taur
1002 2216 1118 2280 multis
1136 2217 1245 2298 operi·

147 2319 213 2381 bus
234 2336 349 2400 panca
375 2316 552 2381 admodum
575 2315 743 2381 laudanda
769 2316 933 2399 majorum
956 2317 1132 2381 curiositas
1149 2318 1245 2382 velut

144 2420 293 2503 jacturae
317 2419 489 2500 naufragio
507 2416 677 2481 suhduxit.
723 2415 911 2480 Maximum
924 2435 1005 2484 vero
1019 2417 1152 2482 illorum
1168 2439 1245 2502 par·

149 2530 229 2601 tem,
249 2522 322 2587 sive
350 2520 444 2585 fatali
466 2528 597 2603 patrum
620 2519 813 2596 oscitantia,
834 2520 906 2582 sire
928 2518 1092 2584 insidiosa
1114 2522 1246 2603 magnis

149 2623 291 2705 ingeniis
302 2623 392 2705 longi
401 2622 560 2704 temporis
576 2623 674 2698 serie,
691 2622 829 2705 periisse
842 2621 1020 2685 verisimile
1035 2626 1098 2685 est.
1143 2621 1245 2698 Nam,

152 2744 227 2807 quaa
253 2723 296 2789 dc
318 2742 427 2788 rerum
454 2722 652 2785 naturalium
676 2722 863 2804 cognitione
885 2722 1075 2805 reliquerat,
1098 2726 1172 2785 tota
1194 2722 1246 2785 in-

151 2826 369 2891 terciderunt:
404 2843 479 2889 eum
504 2830 616 2889 tamen
638 2823 726 2889 hano
754 2823 984 2906 Philosophiae
1014 2829 1141 2905 partem
1161 2842 1247 2905 prae-

152 2929 251 3011 cipue
279 2924 497 2991 excolendam
522 2924 742 3008 suscepisset.
787 2923 915 2988 Abdita
944 2926 1034 2988 enim
1064 2931 1192 2989 naturae
1214 2929 1249 2988 et

152 3048 258 3092 rernm
288 3046 423 3105 musas,
460 3027 655 3091 animalium
688 3027 914 3109 proprietates
950 3027 1037 3089 inter
1065 3025 1160 3089 varia
1188 3044 1247 3088 ex·

153 3132 338 3212 porimenta
367 3148 404 3193 se
439 3128 661 3209 investigasse
702 3132 835 3204 narrat3
871 3145 947 3208 qnae
976 3126 1020 3189 ab
1060 3114 1262 3203 Anstot'ele„

153 3230 397 3314 Theophrasto,
428 3229 571 3312 aliisque
597 3236 725 3293 naturae
751 3227 902 3311 patronis
925 3228 1149 3311 incomposite
1170 3246 1250 3291 con·

155 3339 264 3415 gesta,
295 3351 332 3395 se
358 3330 472 3396 ordine
499 3329 689 3406 tradidisse,
717 3338 753 3395 et
782 3329 851 3392 illis
880 3329 1009 3393 omissa
1037 3327 1250 3411 supplevisse

155 3435 266 3499 refert
290 3432 345 3497 Ex
358 3432 410 3495 his
425 3430 580 3495 omuibus
595 3430 731 3511 collegit
745 3450 832 3514 opus
848 3428 1062 3495 Naturalium
1078 3426 1251 3507 Quaestio

155 3556 233 3600 num
255 3532 348 3598 hand
366 3532 466 3596 dubie
482 3550 660 3612 magnum
683 3550 761 3595 nam
785 3537 820 3595 ct
844 3529 994 3613 quintum
1019 3528 1094 3612 ejus
1112 3527 1251 3593 Librum

154 3635 286 3703 laudari
309 3633 421 3710 video,
445 3638 480 3696 et
501 3632 657 3714 quamvis
672 3630 794 3695 Graece
812 3632 877 3695 hoc
896 3650 982 3715 opus
996 3630 1252 3715 conscripserat,

157 3739 316 3823 pleraque
339 3743 449 3800 tamen
472 3739 506 3797 et
519 3732 639 3797 Latine
655 3733 847 3814 invulgavit,
863 3752 903 3797 ac
919 3734 1104 3815 praesertim
1119 3750 1195 3815 quar
1211 3730 1253 3795 de

157 3840 313 3924 piscibus
327 3837 360 3899 in
374 3855 415 3900 eo
427 3835 598 3899 docuerat.
644 3830 744 3912 Quod
761 3838 874 3897 autem
889 3832 1098 3915 praecipuum
1113 3832 1254 3894 istorum

157 3942 317 4007 librorum
333 3942 561 4019 argumentum
582 3934 690 4013 suerit,
705 3934 780 4017 ipse
795 3934 829 3996 in
844 3931 1013 4015 Apologia
1025 3931 1136 3995 docet.
1179 3930 1256 3994 Ser·

157 4044 247 4120 vius,
257 4039 392 4121 Virgilii
406 4039 579 4120 interpres,
592 4034 731 4119 Apuleii
746 4034 788 4098 de
803 4031 989 4096 Arboribus
999 4031 1197 4096 mentionem
1206 4031 1256 4096 fa-

158 4146 225 4227 cit;
248 4142 441 4208 Priscianus
458 4138 711 4205 Medicinalium
724 4136 924 4201 auctoritate
939 4152 1031 4199 usus.
1074 4132 1255 4199 Medicinae
