3000 4859
545 432 699 484 nruunu
728 436 826 487 vrrs.
1182 429 1225 497 19

131 573 230 633 retur.
275 570 512 655 Pervnlgatnm
532 583 582 642 est
600 580 738 663 pulchra
752 590 787 647 et
801 584 964 667 elegantia
979 606 1079 655 aurea
1093 588 1172 669 dici,
1187 600 1225 655 ut

129 666 263 736 Gt'aecis
288 675 328 734 τὰ
349 680 464 759 χρυσᾶ,
487 674 591 762 ἄριστα
617 680 665 741 καί
691 680 782 748 καλέ.
826 684 881 751 Ita
899 689 986 772 apud
1002 689 1150 756 Plinium
1163 691 1221 757 lib.

130 768 242 855 Epist.
258 790 299 839 11.
338 776 473 842 ‘Aurea
488 779 644 859 Fabula‚'
662 789 697 847 et
711 784 788 849 Caii
803 786 1046 855 Jnrisconsulti
1070 792 1222 857 ‘Aureo-

129 891 202 937 rum
218 875 482 944 commentarii?
525 880 642 965 Atqui,
658 892 697 949 ut
719 894 775 950 τῶν
790 888 983 976 Πυθαγορείων
998 891 1046 969 tm
1059 896 1098 956 nt
1108 899 1221 980 χρυσᾶ,

129 975 181 1039 ita
192 975 330 1059 Apuleii
344 976 381 1042 de
397 978 497 1045 Aairto
513 1004 615 1048 aureo.
659 984 773 1052 Video
791 996 825 1053 et
841 987 1039 1056 Milesiorum
1064 996 1222 1082 ίπνγςαφὴν

128 1076 249 1141 iisdem
272 1081 367 1145 libris
387 1085 562 1165 assignari,
578 1088 669 1152 nullo
687 1098 801 1154 tamen
815 1099 905 1157 certo
918 1094 1056 1178 antiquo
1072 1107 1220 1173 anctore,

128 1178 195 1241 nisi
209 1181 302 1261 quod
318 1182 500 1266 Imperator
513 1186 659 1252 Severus
681 1189 791 1273 Epist.
812 1192 856 1257 ad
875 1193 1035 1260 Senatum
1050 1198 1139 1281 apud
1155 1198 1221 1263 Ga-

128 1280 308 1363 pitolinom
329 1284 499 1351 ‘Milesias
525 1289 687 1355 Punicas’
709 1292 867 1375 appellet.
911 1296 1094 1379 Nunquam
1108 1306 1219 1361 tamen

129 1380 328 1447 Milesicnrm
354 1386 456 1452 libros
475 1390 650 1474 inscriptos
673 1392 860 1458 affirmabis.
904 1395 995 1460 Nam
1017 1398 1078 1462 illa
1102 1398 1219 1462 Severi

129 1488 319 1551 contemtim
344 1488 436 1553 dicta
461 1490 495 1554 in
519 1491 679 1558 Albinum
706 1496 826 1559 itidem
849 1494 985 1563 Afrum:
1009 1500 1082 1581 ipsc
1107 1504 1220 1563 autern

128 1584 294 1670 Apuleius
309 1590 406 1655 initio
420 1593 533 1673 operis
545 1614 692 1659 sermone
709 1594 845 1661 Milesio
861 1595 974 1661 varias
989 1598 1123 1663 fabulas
1139 1620 1217 1663 con·

129 1690 329 1773 scripturum
342 1712 379 1756 se
394 1694 451 1758 ait.
468 1694 615 1759 Milesiae
630 1696 717 1759 enim
727 1694 827 1779 hujus
838 1697 968 1761 scilicet
977 1701 1159 1780 argumenti
1167 1699 1217 1762 sa-

127 1789 232 1868 bulae,
246 1793 280 1856 in
294 1794 427 1876 quibus,
437 1800 472 1859 ut
488 1793 682 1879 Hieronym.
692 1796 734 1859 ad
750 1797 980 1875 Eustochium,
992 1800 1095 1863 ludus
1108 1808 1143 1863 et
1158 1802 1218 1864 ob·

128 1890 279 1957 lactatio:
303 1894 389 1959 unde
402 1894 628 1961 Tertullianus
654 1898 696 1963 de
719 1896 858 1976 Anima,
874 1900 1018 1982 cap23.
1063 1900 1218 1965 Milesias

129 1992 272 2058 AEonum
298 1996 445 2079 appellat
465 2005 652 2065 commenta
674 2000 821 2064 AEonnm
838 2000 1078 2065 Valentiniani.
1123 2009 1217 2075 Μιλη-

129 2101 233 2159 σιακῶν
246 2096 415 2183 Ἀριστείδου
428 2100 574 2163 meminit
589 2099 731 2165 Ovidius
745 2101 905 2166 Tristium
923 2103 983 2167 lib.
998 2118 1040 2166 tt.
1085 2102 1217 2166 Plutar-

128 2198 208 2263 chus
221 2200 258 2262 in
274 2198 399 2264 crasso
408 2207 507 2266 vocat
517 2198 622 2279 βιβλία
633 2201 796 2265 ἀκόλαστα.
841 2204 994 2266 Sisennae
1007 2202 1216 2266 Milesiarum

128 2299 185 2363 lib.
212 2316 253 2363 ιι.
276 2300 393 2365 laudat
413 2301 600 2368 Charisius.
630 2302 743 2369 Verba
760 2322 842 2367 vero
857 2302 1038 2385 Fulgentii‚
1054 2302 1168 2367 uthoc
1182 2304 1217 2364 in

127 2408 321 2465 transcursu
335 2422 499 2481 moneam,
520 2422 574 2469 ιιι.
598 2403 787 2487 Mytholog.
803 2406 839 2467 in
851 2403 967 2469 sabula
981 2403 1144 2487 Psyches,
1160 2404 1218 2466 ubi

126 2501 283 2566 librorum
300 2503 617 2587 Metamorphoseou
632 2506 834 2570 mentionem
848 2506 941 2583 facit,
954 2512 1108 2588 corrupta
1120 2511 1217 2568 sunt:

126 2604 231 2679 ‘Sea
257 2604 337 2687 quia
361 2603 456 2683 haec,'
477 2606 592 2688 inquit,
614 2606 852 2670 ‘saturantius
875 2612 912 2667 et
933 2604 1100 2688 Apuleius
1119 2625 1216 2687 poene

126 2703 266 2769 duorum
292 2705 497 2769 continentia
517 2706 673 2772 librorum
688 2713 812 2771 tantam
832 2705 1018 2770 falsitatum
1033 2706 1218 2788 congeriem

126 2803 313 2869 coenavit!
357 2803 483 2883 Nullis,
507 2807 597 2889 quod
620 2807 738 2885 sciam,
758 2806 956 2890 scriptorum
970 2807 1106 2871 indiciis
1120 2813 1217 2872 notus

125 2904 177 2971 hic
190 2904 414 2983 Saturaotins,
424 2926 531 2991 nequa
546 2906 630 2971 adeo
646 2908 796 2972 auctoris
806 2926 936 2973 nomen.
981 2908 1146 2972 Mendosa
1156 2926 1216 2971 au-

126 3012 188 3069 tem
213 3005 379 3090 Fulgentii
402 3008 504 3072 verba
524 3008 575 3071 ita
596 3007 819 3091 restituenda:
856 3006 928 3086 Sed,
955 3008 1028 3093 quio
1051 3008 1112 3071 lac
1133 3017 1216 3071 rau·

18 3132 23 3141 ·
126 3106 245 3169 nuntius
268 3108 421 3191 Apuleius
439 3130 527 3193 pune
553 3106 683 3171 duorum
714 3106 902 3170 continentia
929 3106 1087 3171 librorum.
1142 3107 1215 3171 lib.

126 3208 166 3271 de
189 3207 371 3289 Allegoria,
389 3209 448 3272 lib.
459 3210 576 3293 Virgil.
620 3210 691 3274 ‘Ut
706 3211 772 3274 tuis
788 3210 993 3274 saturantius
1009 3209 1136 3293 aliquid
1157 3208 1215 3272 ad-

124 3309 189 3375 lruc
202 3310 368 3375 iaciamus
377 3310 537 3392 ingeniis:
556 3317 590 3374 et
608 3310 821 3375 ‘Saturantcr
835 3311 909 3374 haec
923 3312 957 3374 in
970 3310 1057 3373 libro
1073 3309 1215 3391 Physic-

125 3408 201 3492 log.'
233 3408 459 3475 Tertullianus
473 3411 514 3475 de
529 3410 662 3488 Anima,
682 3410 822 3473 ‘Cetera
838 3411 1045 3493 Hermippus
1060 3411 1215 3491 quinione

125 3510 327 3573 voluminum
349 3512 568 3575 satiatissime
585 3508 777 3575 exhibebit!
819 3508 996 3593 Apologioe
1011 3509 1093 3592 quid
1108 3528 1214 3592 oppo-

124 3613 209 3675 nas't
233 3612 308 3674 sire
328 3612 561 3694 eloquentiam,
576 3612 649 3675 sive
668 3610 870 3675 reconditam
886 3610 1105 3673 eruditionem
1120 3629 1216 3693 spec·

126 3718 199 3791 tes;
221 3711 343 3775 frustra
357 3714 490 3795 quaeris.
524 3713 607 3778 Eam
622 3714 752 3779 unicam
768 3719 800 3777 et
808 3713 1003 3777 continuam
1014 3712 1215 3775 auctoritate

124 3812 205 3879 Divi
222 3813 400 3895 Augustini
415 3815 588 3899 ipsiusque
602 3813 687 3877 adeo
704 3812 864 3877 orationis
884 3811 1083 3876 cohaerentia
1108 3812 1214 3893 aequis

125 3914 323 3979 censoribus
335 3913 412 3978 Viri
427 3914 546 3978 eruditi
556 3914 628 3997 jam
644 3920 888 3997 persuasemnt.
925 3912 968 3977 Et
976 3911 1141 3993 tingamus
1155 3909 1215 3973 du-

124 4014 204 4098 plici
219 4014 349 4078 actione
363 4015 557 4095 recitatam3
579 4032 645 4078 una
664 4014 879 4077 nihilominus
899 4013 1007 4076 oratio
1028 4011 1102 4074 erit.
1145 4008 1214 4072 Ob·

124 4116 324 4180 uomendum
347 4120 455 4180 autem
477 4117 627 4201 inprimis
648 4114 818 4181 laudabile
832 4112 977 4177 studium
992 4111 1128 4195 Apnlcii
1142 4130 1214 4174 var·

124 4214 233 4280 tendis
260 4213 459 4280 Graecorum
483 4216 626 4299 scriptis.
669 4214 778 4293 Quale
800 4215 846 4278 sit
865 4214 958 4291 illud,
983 4214 1018 4278 in
1045 4212 1214 4297 Apologia
