3000 4859
626 400 831 451 susurrio.
1253 389 1277 451 9

175 544 258 607 mini
285 548 423 611 mortem
442 544 475 609 in
500 546 748 612 Bibliotheoem
764 545 1080 629 Oudendorpianem
1102 548 1273 629 pervenit3

175 644 252 707 inde
273 644 468 727 aliqnando,
490 646 520 710 si
542 648 628 712 hene
652 648 731 712 novi
753 646 989 712 liberalitatem
1005 648 1273 731 praestantissimi

174 744 248 821 filii,
263 766 362 829 quem
377 766 483 829 supra
497 746 645 825 laudavi,
660 766 738 811 cum
760 747 836 811 aliis
852 746 938 812 Mas.
955 749 1115 831 paternis,
1131 768 1273 831 quorum

173 845 342 912 luculenta
356 848 457 931 copia
470 855 630 932 superest,
649 851 684 913 in
706 850 876 932 publicam
896 849 1094 914 leidensem
1115 850 1274 931 migratu-

173 966 239 1011 rus.
283 948 351 1014 Sed
366 950 502 1032 quibus,
516 969 616 1033 quam
631 951 760 1016 idoneis
772 951 938 1020 Codicum
951 950 1121 1035 praesidiis
1134 949 1275 1014 Ouden-

174 1047 309 1132 dorpius
329 1050 512 1115 instructus
532 1050 643 1129 suerit,
665 1052 790 1119 rectius
812 1072 855 1117 ex
870 1052 948 1135 ejus
962 1050 1273 1119 Animadversioni-

173 1151 248 1228 bus,
270 1171 374 1235 quam
401 1170 445 1215 ex
466 1153 666 1216 narrationis
687 1160 811 1218 nostrae
829 1152 1019 1237 jejunitate,
1043 1160 1272 1236 cognoscetur.

172 1248 300 1317 Eadem
316 1260 496 1327 causaest,
513 1272 573 1318 eur
586 1253 696 1317 dicere
712 1254 948 1337 supersedeam
967 1256 1009 1319 de
1024 1254 1272 1320 Emendationi-

173 1356 235 1418 hus
251 1354 396 1419 virorum
411 1354 584 1419 doctorum
598 1354 743 1430 ineditis,
758 1375 816 1437 per
827 1360 931 1421 totum
942 1375 1030 1438 opus
1044 1356 1184 1438 sparsis,
1195 1377 1228 1422 v.
1238 1378 1270 1422 c.

172 1452 306 1520 Claudii
321 1455 489 1533 Salmasii,
506 1474 582 1540 quae
606 1474 666 1538 per
680 1455 858 1520 Emestum
874 1475 918 1520 ex
933 1456 1149 1521 Bibliotheca
1161 1455 1267 1522 Guel-

171 1558 396 1641 pherhytana3
420 1557 597 1623 Godesridi
610 1558 775 1640 Supingii,
788 1558 834 1625 N.
847 1558 998 1636 Heiusii,
1007 1557 1054 1622 Is.
1065 1557 1196 1637 Vossii,
1206 1562 1269 1624 duc.

171 1679 248 1741 qum
263 1678 309 1723 ex
323 1659 534 1725 Bibliotheca
556 1660 713 1725 Leidensi
728 1665 763 1725 et
785 1661 923 1725 aliunde
946 1660 989 1725 ad
1013 1679 1090 1725 eum
1111 1680 1269 1743 pervene-

170 1769 255 1825 runt.

212 1861 396 1945 Reliquum
412 1868 473 1943 est,
487 1868 525 1929 nt
544 1863 586 1929 de
600 1864 795 1929 recensione
809 1869 990 1931 ceterorum
1008 1863 1150 1947 Apuleii
1165 1863 1267 1929 libro-

168 1984 253 2042 rum,
264 1982 444 2048 quosuuno
455 1964 725 2048 Metamorphosi
734 1965 859 2030 addere
867 1984 934 2029 non
942 1966 1048 2042 licuit,
1061 1966 1164 2029 verbo
1173 1964 1267 2029 diea-

167 2085 254 2131 mus.
278 2067 329 2131 Hi
344 2087 477 2152 quoque
488 2066 609 2133 iisdem
622 2072 771 2132 veterum
779 2066 938 2131 librorum
946 2064 1124 2144 subsidiis,
1132 2065 1267 2130 eadem-

169 2188 235 2251 qne
250 2168 440 2236 subtilitate
451 2156 565 2235 critica
579 2170 735 2252 castigati
750 2176 848 2234 sunt:
872 2169 931 2233 sed
948 2168 1052 2233 Notae
1066 2174 1144 2231 suut
1156 2167 1266 2233 miuus

168 2270 283 2335 uberes
297 2289 340 2335 ao
351 2272 514 2354 copiosae,
530 2271 601 2335 sive
615 2269 705 2353 quod
720 2270 830 2335 minor
843 2267 1025 2334 difficultas
1037 2269 1072 2331 in
1084 2268 1153 2332 illis
1166 2270 1266 2334 inter·

167 2372 339 2455 protendis
349 2373 573 2451 exoriebatur,
589 2373 661 2437 sive
670 2371 762 2454 quod
774 2370 894 2437 Editor
903 2370 1005 2452 longo
1014 2388 1116 2454 opere
1129 2369 1267 2453 defungi

166 2473 359 2539 festinabat.
401 2473 556 2540 Ceterum
574 2494 761 2558 speramus,
775 2475 859 2539 haue
882 2471 1167 2556 Metamorphosis
1184 2471 1265 2537 Edi-

165 2576 296 2653 tionem,
311 2596 380 2659 qua
393 2574 499 2641 literis
515 2576 659 2652 Lubnis,
682 2576 743 2640 vix
762 2576 831 2639 dici
853 2579 979 2658 potest,
1002 2577 1159 2656 quantum
1173 2572 1263 2639 lucis

166 2677 304 2742 allatum
318 2679 373 2755 sit,
388 2698 410 2743 a
424 2680 587 2743 bonarum
601 2679 720 2743 artium
735 2676 898 2741 studiosis
918 2681 988 2741 mm
1003 2672 1124 2755 cupide
1139 2691 1263 2756 excep-

156 2780 363 2857 ¹tumiri,ut,
379 2780 487 2863 quiin
506 2799 582 2845 eam
601 2779 770 2862 impensas
787 2777 882 2856 iecit,
901 2795 937 2842 re
959 2777 1038 2858 ipsa
1059 2774 1263 2857 experiatur,

165 2900 267 2962 posse
280 2900 317 2945 se
332 2882 406 2947 sine
425 2882 570 2965 jacturae
584 2880 735 2963 periculo
750 2882 889 2945 alterum
903 2879 1059 2943 volumen
1074 2875 1263 2959 adjungere·

165 2980 266 3061 Quod
280 2988 316 3047 nt
328 2986 420 3066 prius
434 2983 660 3065 magnitudine
676 2989 800 3067 aequet,
815 2987 936 3066 praeter
957 2979 1163 3062 superiorum
1179 2976 1260 3041 Edi-

164 3089 273 3149 torum
296 3084 532 3161 Praelatioues,
555 3092 592 3149 et
614 3084 745 3149 Indices
766 3083 987 3159 necessarios,
1009 3076 1263 3163 comprehendet

164 3185 318 3270 Philippi
333 3186 487 3251 Beroaldi
502 3186 628 3263 Notas,
645 3204 720 3269 quae
735 3186 836 3250 sinte
852 3185 970 3249 critico
985 3200 1115 3264 genere,
1129 3187 1163 3245 et
1177 3179 1261 3244 inte-

163 3306 239 3369 gras
254 3287 276 3352 J
279 3289 400 3353 oannis
416 3286 549 3365 Pricsei,
564 3307 648 3371 quas
662 3285 943 3369 Oudendorpius,
961 3302 1003 3345 ne
1018 3288 1145 3345 textum
1160 3280 1261 3362 copia
1327 3281 1330 3285 '

163 3410 227 3455 sua
240 3395 432 3471 mergerent,
443 3388 506 3455 hoo
521 3388 690 3455 volumine
702 3388 855 3451 exclusit.
886 3384 978 3451 Illud
988 3382 1141 3465 denique,
1154 3398 1260 3462 quau-

163 3490 521 3566 tumvisleve,monere
531 3510 597 3555 non
612 3489 758 3555 alienum
772 3487 883 3564 luerit,
893 3486 1079 3552 Prieaeanre
1091 3479 1258 3545 Editionis

162 3594 303 3677 paginas
316 3613 414 3659 uovae
428 3594 528 3678 hujus
543 3591 683 3675 margini
700 3591 866 3673 ascriptas
877 3591 1157 3672 esse‚propterea
1166 3580 1257 3665 quod

161 3696 211 3759 vir
237 3694 450 3761 doctissimus
476 3713 545 3760 non
563 3694 629 3759 nisi
659 3712 704 3758 ex
735 3710 778 3756 ea
808 3686 1092 3770 Metamorphosis
1117 3684 1193 3749 loca
1220 3683 1257 3745 iu
1291 3698 1305 3726 ¹

163 3796 261 3863 Notis
287 3798 360 3861 suis
388 3797 517 3863 citavit.
560 3794 659 3867 Vale.
689 3794 797 3861 Scrih.
829 3792 955 3867 Laida,
983 3790 1017 3855 d.
1055 3787 1107 3853 18.
1146 3780 1255 3868 April·
1285 3818 1290 3825 ·

165 3914 435 3965 unuchxxxvr.
459 3916 464 3923 '
