3000 4859
229 390 273 457 12
634 404 790 453 launum
816 404 919 453 viva,

229 548 340 632 majus
356 553 418 626 ast,
441 552 643 613 contemtum
664 549 877 631 patrimonii?
921 546 1018 613 Certe
1039 566 1107 612 non
1126 548 1226 613 valde
1242 568 1328 631 opu-

228 650 351 717 lentum
379 648 497 727 luisse,
530 648 621 713 baud
655 651 796 714 obscure
823 654 973 729 constat3
1009 668 1087 713 uam
1114 655 1148 714 et
1168 667 1223 714 xi.
1252 648 1329 713 Me-

229 750 488 835 tamorphoseon
518 770 555 815 sc
579 750 762 815 admodum
782 770 967 834 pauperem
996 751 1056 827 ait,
1078 751 1162 817 adeo
1193 760 1230 817 ut
1253 771 1329 815 ves-

228 858 296 917 tem
307 854 419 935 ipsam
431 853 569 919 vendere
583 853 631 917 sit
645 860 798 931 coactus,
820 872 887 936 quo
907 872 1077 918 sacrorum
1094 854 1257 937 impensis
1268 872 1329 936 pa·

227 974 297 1019 rem
311 972 475 1019 summam
491 953 692 1019 corraderet.
736 952 815 1019 Nisi
830 954 943 1037 potius
958 962 1040 1019 tunc
1061 956 1221 1038 temporis
1242 973 1329 1038 pau-

228 1074 341 1139 perem
354 1055 482 1139 capies,
498 1054 702 1119 exhaustum
718 1053 854 1119 scilicet
867 1055 997 1121 diutina
1012 1056 1282 1138 peregrinatione,
1294 1066 1329 1123 at

227 1163 392 1223 mcentem
408 1175 429 1221 a
451 1156 705 1235 deformatione,
721 1173 799 1240 quaa
821 1157 977 1221 omnibus
1000 1159 1097 1221 bonis
1112 1159 1328 1240 spoliaverat.

228 1258 315 1326 Cum
327 1277 406 1324 vero
416 1263 631 1325 accusatores
640 1263 876 1342 paupertatem
885 1260 1162 1341 exprobrassent,
1171 1264 1329 1345 tanquam

227 1363 261 1427 in
277 1361 413 1445 proprio
428 1364 461 1425 et
476 1359 635 1425 familiari
651 1360 800 1438 crimine,
814 1379 945 1443 suoque
966 1359 1178 1445 Philosopbo
1189 1368 1329 1445 accepto

228 1467 264 1527 et
285 1462 507 1540 convenienb',
521 1467 647 1528 tantum
660 1482 725 1529 uon
748 1462 864 1528 divina
884 1462 1034 1527 oratioue
1056 1480 1163 1545 prope
1184 1463 1330 1529 dixerim

227 1565 369 1643 exultat,
388 1571 423 1630 et
453 1570 686 1649 paupertatem
722 1564 775 1628 vel
797 1564 960 1629 divitibus
988 1564 1079 1628 ultro
1102 1565 1330 1647 expetendam

227 1667 399 1749 proponit,
444 1667 490 1733 Et
505 1686 585 1733 sano
600 1667 783 1732 verisimile
795 1666 935 1742 videtur,
950 1685 1026 1730 curn
1043 1663 1210 1749 Apuleius
1219 1668 1329 1731 minus

226 1786 265 1832 se
281 1768 482 1853 locupletem
498 1776 657 1848 cerneret,
671 1768 749 1833 ideo
766 1768 900 1833 facilius
922 1767 1119 1849 impulsum,
1132 1773 1169 1833 ut
1181 1768 1330 1833 AEmiliae

227 1868 427 1937 Pudentillae
442 1869 574 1953 nuptias
587 1889 654 1934 non
668 1878 927 1954 aspernaretur3
942 1887 1021 1933 uam
1041 1868 1195 1952 alioquin
1211 1889 1329 1952 parurn

226 1970 365 2051 dignum
381 1972 474 2037 illius
489 1972 633 2055 ingenio,
649 1980 689 2036 ut
706 1971 846 2055 juvenis
862 1990 1003 2054 corpore
1019 1978 1054 2035 et
1069 1971 1180 2036 animo
1195 1970 1329 2053 elegans

225 2072 365 2139 duceret
385 2073 532 2153 viduam,
547 2074 647 2141 nullis
665 2074 781 2139 lormae
796 2072 1046 2150 blandimentis,
1061 2079 1097 2136 et
1116 2072 1213 2136 annis
1227 2075 1328 2137 rebus

226 2176 425 2260 voluptariis
435 2178 509 2261 jam
524 2176 592 2242 iere
606 2178 843 2255 abnuentibus,
865 2176 931 2240 nisi
947 2175 1083 2259 prolixa
1097 2173 1176 2238 dcte
1190 2181 1226 2239 at
1236 2174 1330 2239 molli

226 2276 419 2343 conditione
443 2278 619 2345 invitatus:
649 2268 813 2362 'quamvis
827 2279 904 2361 ipsa
928 2278 1042 2342 multis
1063 2276 1176 2340 verbis
1197 2276 1328 2341 amoliri

225 2385 366 2444 conatur
380 2378 466 2443 banc
482 2380 725 2461 suspicionem,
742 2379 901 2462 nullaque
917 2378 1069 2444 avaritiae
1083 2397 1190 2443 causa
1204 2398 1329 2443 concu-

226 2478 317 2558 pisse
333 2496 473 2544 uxorem
487 2498 532 2543 ex
547 2480 673 2544 tabulis
688 2480 797 2545 dccet.
841 2479 923 2559 Qua
935 2500 1017 2545 vero
1032 2481 1210 2545 occasione
1224 2480 1327 2543 OEam

225 2581 364 2659 venerit,
380 2601 446 2664 qua
461 2582 654 2647 conditione
669 2582 870 2649 Pudentillae
884 2582 1099 2649 matrimonio
1116 2582 1257 2666 junctus
1271 2582 1326 2658 sit,

224 2683 359 2765 copiose
388 2689 512 2748 namat-
556 2682 611 2748 Ex
635 2684 699 2749 buc
724 2690 834 2749 tamen
857 2686 1031 2769 ubiusque
1057 2682 1327 2749 dissimilitudine

223 2790 303 2849 nata
316 2785 443 2867 opinio,
458 2803 587 2849 veneno
597 2793 632 2850 et
641 2786 783 2868 magicis
791 2786 968 2851 maleficiis
983 2789 1137 2851 coactam
1153 2783 1327 2849 mulierem

223 2886 379 2968 nupsisse
391 2906 400 2965 ;
423 2886 503 2951 iudo
519 2885 610 2970 apud
626 2888 669 2951 cl.
682 2886 884 2966 Maximum,
898 2886 1028 2953 Africae
1045 2887 1187 2952 Procos.
1200 2905 1223 2951 a
1237 2885 1327 2950 Lici-

223 2987 282 3052 uio
297 2987 479 3053 AEmiliano
494 3008 572 3054 reus
589 2988 716 3072 Magiae
736 2991 941 3073 postulatus,
957 2990 1047 3073 quod
1073 2990 1205 3054 scilicet
1225 3006 1327 3053 sexa-

223 3090 406 3170 genariam,
422 3095 502 3175 post
526 3092 660 3173 longam
673 3092 886 3171 viduitatem,
900 3092 1102 3157 carminibus
1116 3090 1160 3155 ad
1176 3089 1230 3153 sni
1243 3086 1328 3153 aeta·

222 3196 289 3255 tem
302 3190 510 3270 desissetut
519 3194 674 3275 grandem
687 3193 802 3260 dotem
817 3195 942 3260 amanti
953 3193 1083 3258 mulieri
1094 3196 1325 3275 extorqueren

221 3292 284 3357 sed
299 3291 460 3359 adversus
474 3294 638 3359 intentata
654 3296 791 3361 crimina
800 3295 940 3379 insignis
950 3293 1154 3377 eloquentiae
1163 3290 1325 3376 praesidio

221 3395 367 3461 munitus
382 3397 585 3478 peritissime
607 3398 776 3474 velitatur,
797 3417 906 3482 eaque
928 3395 1101 3461 innocenti
1124 3394 1198 3459 siue
1217 3412 1327 3459 causa

222 3497 367 3580 objecta,
387 3498 486 3581 longa
501 3499 653 3564 oratione
667 3500 824 3564 ostendit.
867 3496 991 3581 Magios
1008 3504 1120 3563 tamen
1144 3496 1325 3561 noscendae

221 3598 389 3663 desiderio
404 3599 533 3664 ardenti
547 3620 584 3665 se
597 3602 758 3684 flagrasse
772 3602 901 3679 scribit,
916 3608 1017 3684 atque
1029 3599 1105 3663 ideo
1117 3596 1326 3663 Thessaliam

222 3699 398 3765 maleficiis
407 3701 573 3767 famosam
586 3703 740 3787 petiisse,
754 3704 820 3768 nisi
833 3703 908 3769 boec
917 3700 1103 3768 imitatione
1114 3698 1230 3763 Graeci
1243 3718 1326 3763 nuo·

222 3802 315 3879 toris,
337 3820 437 3886 quem
464 3802 685 3886 exprimebat,
701 3805 888 3888 scripserit
926 3800 1038 3868 Multa
1060 3809 1096 3867 et
1117 3802 1202 3865 mira
1223 3800 1266 3865 de
1281 3819 1325 3865 eo

221 3903 356 3981 tradita,
368 3903 658 3988 acperitissimum
671 3905 791 3970 artium
801 3905 1023 3988 Magicarum,
1039 3910 1075 3989 et
1087 3900 1222 3966 Cbristo
1236 3920 1326 3986 prae-

222 4005 346 4070 stantia
372 4004 607 4071 miraculorum
635 4008 843 4091 superiorem
867 4008 911 4071 ab
939 4004 1093 4071 Etbnicis
1121 4004 1326 4069 aestimatum

223 4104 420 4171 Lactantius
448 4118 483 4171 at
509 4105 720 4190 Augustinus
748 4112 918 4174 memoriae
945 4106 1175 4192 prodiderunt.
1219 4103 1323 4183 Quod

223 4226 304 4276 vero
326 4206 416 4273 idem
438 4210 484 4275 D.
500 4207 709 4293 Augustinus
729 4217 836 4292 notat,
864 4210 964 4296 quasi
988 4209 1154 4294 praeclam
1174 4226 1237 4273 sua
1251 4206 1323 4271 elo·
