3000 4859
253 350 298 419 32
544 366 775 417 uusrruorrra
800 367 849 414 nn
871 365 1046 417 nuunuro.

255 508 395 574 Veteres
409 509 457 574 ita
466 508 629 575 ludicrum
642 527 708 573 uon
717 514 882 593 putarunt,
893 515 930 575 ut
943 506 1186 576 etAristoteles
1202 509 1244 574 de
1257 509 1344 593 ipsis

255 610 369 694 alique
382 610 629 694 conscripserit,
645 618 679 675 et
688 609 897 688 Plutarchus,
912 616 947 676 et
959 614 1066 676 vester
1079 608 1256 695 Apuleius.

439 793 535 859 ruem
550 794 584 858 ru
598 792 712 858 Some.
726 793 894 877 Scipionis
908 792 967 857 uu.
985 758 1008 857 u.
1024 811 1101 877 cap.
1115 793 1148 857 a

301 927 438 993 Fabulae
452 927 488 990 in
511 926 630 991 bonam
645 924 771 1009 frugem
784 930 921 1010 repertae
936 930 1024 999 sunt,
1039 925 1132 991 velut
1145 924 1343 1007 comoediae,

257 1030 374 1116 quales
399 1027 583 1093 Menander
602 1028 716 1111 ejusve
738 1028 926 1092 imitatores
940 1025 1088 1109 agendas
1102 1026 1276 1106 dedemnt,
1290 1029 1344 1093 vel

257 1135 449 1213 argumente
474 1127 560 1193 fictis
588 1128 722 1193 ensibus
749 1133 934 1192 amatorum
963 1127 1097 1206 referte,
1127 1127 1253 1212 quibus
1287 1132 1344 1195 vel

256 1232 394 1298 multum
420 1249 457 1295 se
479 1228 614 1295 Arbiter
643 1228 804 1307 exercuit,
825 1228 881 1294 vel
903 1227 1086 1312 Apuleium
1107 1248 1343 1315 nonuunquam

256 1334 379 1401 lusisse
391 1332 557 1397 miramur.

483 1512 618 1577 Servius
630 1508 827 1576 Honoratus
840 1510 877 1574 iu
891 1522 973 1573 urrr.
983 1508 1117 1573 AEneid.

301 1646 388 1711 Sunt
406 1645 494 1709 enim
517 1644 663 1710 Numina
685 1645 799 1727 aliqua
812 1651 942 1709 tantum
958 1643 1132 1721 Coelestia,
1147 1642 1260 1725 aliqua
1273 1648 1346 1707 ton·

258 1755 329 1813 tum
350 1745 545 1823 Terrestris,
567 1745 680 1828 aliquo
701 1742 837 1826 Media3
860 1763 946 1827 quos
970 1744 1063 1809 Deos
1089 1743 1256 1827 Apuleius
1271 1745 1346 1809 Me·

258 1847 438 1913 dioxnmos
448 1849 559 1925 vocat,
571 1844 634 1910 huc
645 1850 706 1924 est,
720 1846 780 1928 qui
794 1864 837 1909 ex
849 1844 1040 1909 bominibus
1057 1844 1117 1909 Dii
1128 1844 1222 1908 fiunt.

352 2030 469 2097 sidon.
482 2028 703 2115 Apollinaris,
718 2004 834 2093 uun.
849 2026 1245 2113 Epistudflesperium.

300 2162 420 2246 Sisque
434 2160 560 2245 oppido
578 2161 767 2238 meminens,
788 2159 880 2245 quod
898 2159 979 2224 olim
1001 2157 1127 2225 Martie
1148 2160 1346 2240 Hortensio,

257 2263 419 2330 Terentia
445 2261 571 2339 Tullio,
596 2260 801 2345 calphurnia
827 2260 952 2338 Plinio,
974 2259 1162 2325 Pudentilla
1189 2258 1346 2344 Apuleio,

258 2363 463 2430 Rusticiana
477 2362 686 2445 Symmacho,
706 2359 894 2442 legentibus
906 2360 1213 2445 meditantibusque
1226 2362 1347 2427 cande-

258 2466 311 2529 las
323 2469 360 2529 et
373 2461 572 2527 candelebra
587 2467 769 2527 tennerunt.

524 2654 630 2730 ldem,
644 2652 705 2718 tib.
722 2670 771 2717 tv.
785 2652 828 2717 ad
842 2652 1077 2719 Claudianum.

303 2788 384 2851 ...si
397 2805 487 2851 reere
503 2792 692 2869 quenquam
704 2787 906 2865 mortalium,
921 2785 979 2851 cni
996 2793 1109 2853 tamen
1134 2787 1347 2853 sermocinari

260 2884 437 2952 Latialiter
458 2886 550 2952 cordi
572 2895 637 2965 est,
659 2908 724 2953 non
742 2908 877 2972 pavere,
901 2908 976 2952 cum
996 2890 1032 2953 in
1053 2906 1195 2953 examen
1217 2890 1347 2953 aurium

259 2994 402 3065 tucrum,
419 2988 545 3073 quippe
568 2990 722 3073 scriptus,
744 2988 940 3054 adducitur:
963 2997 1106 3066 tuarum,
1119 2990 1268 3071 inqunm,
1286 3009 1347 3054 au-

259 3089 355 3166 rium,
374 3109 513 3171 querum
524 3091 667 3173 peritiae,
682 3092 711 3155 si
723 3110 775 3155 me
783 3090 995 3156 decursorum
1006 3090 1050 3155 ad
1059 3090 1124 3155 hoc
1139 3090 1205 3153 sevi
1219 3098 1347 3174 tempo-

258 3174 330 3252 'rum
353 3191 576 3273 praerogativo
595 3210 662 3255 non
681 3193 814 3269 obruat,
835 3210 897 3255 nec
924 3190 1156 3256 Frontonianae
1178 3191 1347 3272 gravitatis

260 3293 319 3353 aut
340 3288 499 3371 ponderis
514 3287 689 3374 Apuleiani
709 3290 831 3355 flumen
853 3291 1074 3376 aequiparem3
1097 3290 1152 3355 cui
1166 3290 1347 3367 Varronec,

258 3387 314 3451 vei
338 3387 512 3468 Atacinus,
534 3390 590 3455 vel
610 3391 798 3469 Terentius,
823 3392 934 3470 Plinii,
955 3391 1010 3457 rel
1024 3392 1207 3457 avunculus
1222 3392 1275 3456 vel
1289 3393 1349 3456 Se·

259 3490 398 3569 cundns,
413 3491 605 3575 compositi,
618 3492 919 3575 impraesentiarum
930 3492 1189 3558 rusticabuntur.

407 3683 519 3748 Aurel.
530 3682 756 3752 Cassiodorus
772 3687 972 3753 Dialecticae
987 3686 1203 3769 Compendiu.

301 3816 426 3885 Tertite
438 3816 586 3883 sormulae
600 3819 805 3885 inveniuntur
819 3820 954 3904 species
968 3838 1050 3884 sex:
1072 3838 1160 3904 quas
1169 3837 1286 3884 omnes
1295 3825 1347 3883 at-

260 3936 325 4000 que
353 3917 424 4000 ojus
452 3918 579 4000 generis
607 3918 674 3983 olio
702 3921 760 4003 qui
780 3920 914 4003 plenius
935 3940 1035 3985 nosse
1057 3922 1235 4000 desiderat,
1257 3920 1348 4003 leget

260 4017 378 4081 librum
390 4017 527 4102 Apuleii
543 4016 789 4097 mammenus,
804 4020 917 4102 quide
931 4021 993 4087 hac
1008 4041 1043 4087 re
1058 4022 1225 4103 eleganter
1245 4027 1280 4086 et
1292 4040 1348 4087 co·

262 4119 356 4201 piose
371 4117 536 4185 disseruit.
