3000 4859
544 380 701 431 nrunnrr
729 382 831 431 vrnr.
1194 370 1240 437 lu

135 520 271 607 quentia
280 528 313 587 et
321 520 468 605 Magicis
475 524 602 589 artibus
612 544 654 589 ne
670 525 713 589 ed
724 526 873 608 nliqnunr
882 525 1017 608 quidem
1022 520 1239 611 judiciarium

135 629 337 711 potestatem
350 626 519 707 pervenire
534 628 713 709 potuisset,
724 628 829 693 nollnr
840 628 889 692 illi
903 629 987 693 vitio
1001 628 1084 693 deri.
1128 631 1239 697 Multo

135 728 289 812 proiecto
312 726 514 793 intervenire
535 734 727 813 potnerunt,
747 748 824 815 qnee
846 730 1050 814 impedirent,
1073 750 1115 795 ne
1136 735 1239 799 virtu·

137 829 225 894 tibus
250 830 472 895 tribuerentur
497 831 627 909 merita,
652 848 730 914 qnae
746 828 825 914 jure
846 850 909 897 suo
924 840 1035 914 potere
1048 831 1237 915 dehebant3

137 950 240 1015 preve
259 930 485 1014 jndicanrium
497 950 597 1008 error,
613 931 744 997 invidie
765 934 958 1017 aeqnnlinm,
980 939 1017 997 et
1035 933 1240 1015 sinqnloruru

139 1031 296 1115 qnaedsrn
310 1048 472 1114 perversa
493 1032 647 1110 caecitus,
671 1052 740 1117 qne
764 1033 911 1116 indignis
937 1032 1050 1099 fasces
1078 1035 1239 1101 deferunt.

139 1134 226 1199 Cum
239 1136 348 1217 gratia
362 1140 422 1199 eut
444 1133 558 1199 odium
582 1135 738 1218 imperet,
760 1134 849 1200 idem
863 1136 923 1201 ille
944 1138 1038 1201 orbis
1052 1139 1126 1222 puri
1141 1141 1242 1203 verti·

138 1238 214 1320 gine
244 1248 375 1320 semper
403 1235 688 1315 circumvolvitur,
718 1236 754 1301 in
790 1256 859 1321 quo
887 1247 1037 1322 prretnrn
1073 1240 1241 1305 Catonem

138 1338 285 1421 negligis
331 1336 477 1421 Nempe,
497 1336 578 1420 quie
595 1357 664 1405 non
687 1345 868 1405 essecutus
883 1339 1062 1424 Apuleius,
1085 1344 1242 1425 qnae'vir·

138 1446 224 1506 tutes
238 1443 272 1504 et
286 1441 410 1523 ingenii
432 1442 522 1505 hone
535 1440 757 1519 r'nerehentnr,
772 1440 852 1507 ideo
868 1442 1010 1526 adipisci
1023 1438 1088 1508 non
1100 1445 1240 1526 potnitt

139 1542 279 1607 infirma
291 1542 379 1607 ratio
403 1548 439 1606 et
460 1541 544 1606 solis
564 1541 726 1624 imperitis
741 1544 924 1609 concluse:
946 1544 1132 1628 quinimmo
1156 1566 1242 1610 nnn·

140 1664 241 1729 quarn
256 1644 315 1709 illu
329 1645 490 1727 consequi
505 1644 691 1722 affectavit,
707 1646 880 1729 inquibus
895 1645 955 1712 olii
969 1647 1073 1711 anxie
1087 1654 1169 1713 vete
1179 1666 1242 1713 sne

140 1743 358 1828 suspendunt
403 1744 496 1824 Quid
512 1746 599 1810 enim
615 1762 713 1810 suoru
726 1746 803 1811 haec
816 1754 852 1812 et
864 1747 1042 1832 impollute
1057 1767 1098 1813 ec
1110 1767 1244 1833 semper

140 1848 255 1933 quiete
267 1854 303 1911 et
317 1865 434 1911 secure
447 1845 630 1930 professio,
645 1846 739 1931 qnid,
762 1848 911 1931 inquam,
925 1850 1117 1921 commercii
1139 1851 1243 1915 hehet

141 1968 216 2013 cum
230 1950 371 2034 strepitu
393 1950 532 2027 sorensi,
546 1949 665 2015 frendo
689 1958 937 2027 accusatorum,
952 1950 1076 2033 gemitu
1098 1970 1242 2029 reorum,

140 2052 298 2133 sanguine
313 2051 529 2117 innocentum
543 2053 559 2114 l
601 2049 689 2130 Quis
707 2070 789 2119 vero
805 2048 949 2117 similior
971 2048 1058 2130 Deo,
1072 2055 1149 2137 quis
1164 2071 1243 2137 pro·

141 2151 216 2235 pior
232 2172 336 2235 quum
350 2154 594 2237 Philosophus,
610 2153 681 2236 qui,
702 2154 819 2218 relicto
836 2154 1051 2219 mortalitatis
1072 2156 1242 2237 contagio,

139 2254 309 2339 mysteriis
322 2254 443 2319 divinis
458 2257 626 2333 conscius,
643 2253 759 2319 divine
771 2255 915 2319 consilia
936 2251 1085 2333 rimetur,
1107 2251 1151 2319 ad
1171 2274 1243 2321 coe-

140 2356 274 2421 lestium
289 2356 492 2423 consortium
515 2375 623 2442 prope
647 2355 845 2421 admissnst
880 2355 979 2421 Unde
1001 2357 1071 2439 ipsi
1094 2354 1243 2439 Apuleio

141 2457 371 2541 Philosophus
394 2458 541 2523 omnium
572 2458 721 2523 Deorum
750 2457 919 2523 Sacerdos
942 2458 1108 2525 delinitur.
1153 2459 1243 2539 Quae

138 2560 243 2644 igitur
262 2558 385 2627 decors
404 2560 625 2644 Philosopho,
640 2580 718 2643 quse
741 2560 838 2625 selvo
860 2558 1091 2644 Philosophire
1117 2563 1244 2626 honore

139 2662 265 2745 potnit,
288 2666 321 2727 et
342 2662 474 2738 ambiit,
492 2668 529 2725 et
552 2662 706 2726 obtinuit.
751 2661 867 2726 Sacris
886 2662 975 2727 enim
993 2663 1245 2746 quamplurimis

140 2764 314 2829 initiatus:
338 2764 561 2842 ‘Sacrorum’
583 2766 706 2849 inquit,
726 2766 906 2848 ‘pleraque
935 2764 1035 2829 initis
1054 2764 1089 2827 in
1110 2764 1247 2829 Graeoin

140 2864 359 2948 participavi,
370 2864 546 2949 multijuga
562 2884 660 2930 sacre
674 2864 708 2929 et
723 2865 882 2949 plurimos
903 2866 1000 2944 ritus,
1015 2866 1129 2932 varias
1150 2868 1246 2931 caeri-

141 2970 276 3033 rnonius
290 2969 403 3034 studio
418 2968 487 3033 veri
502 2975 537 3032 et
550 2968 661 3033 officio
675 2988 756 3050 erga
771 2968 863 3031 Deos
877 2967 1002 3032 didici!
1032 2967 1247 3032 Sacerdotem

143 3068 335 3135 Provinciae
351 3068 475 3134 Africus
490 3088 628 3134 munera
649 3069 811 3146 edidisse,
825 3075 863 3132 et
875 3076 1052 3134 venatores
1066 3070 1247 3134 vestivisse

144 3176 264 3235 auctor
279 3178 334 3235 est
350 3170 395 3235 D.
410 3168 497 3250 Aug.
513 3170 637 3253 etipse
657 3170 693 3233 in
709 3169 857 3234 Floridis
871 3188 909 3233 se
923 3170 1116 3254 AEsonlnpii
1129 3168 1247 3234 Antis·

143 3272 239 3337 titem
248 3271 432 3356 profitetur.
476 3269 556 3350 Quo
570 3271 713 3355 pertinet
721 3270 812 3354 qnod
824 3270 917 3355 epnd
939 3272 1085 3335 OEenses
1099 3271 1141 3335 de
1149 3272 1248 3334 istius

144 3374 307 3441 Numinis
328 3374 502 3459 majestate
521 3372 658 3458 publice
681 3372 851 3451 disseruit,
874 3372 1023 3437 cretione
1044 3372 1135 3435 edita
1155 3390 1247 3436 com-

144 3476 328 3554 mendavit,
346 3476 570 3563 hymnumque
585 3476 618 3540 ei
637 3474 820 3540 dedicavit.
864 3473 907 3537 ln
931 3472 1019 3537 libro
1033 3472 1077 3537 de
1095 3472 1170 3537 Deo
1186 3472 1248 3537 So-

146 3580 264 3657 cratis,
278 3596 354 3642 cnm
369 3576 535 3643 variorum
549 3576 696 3659 gentium
706 3575 898 3661 peculiares
908 3575 1003 3641 Deos
1017 3575 1248 3652 recensuisset,

147 3681 386 3764 AEsculepinm
402 3680 524 3763 ubique
538 3679 606 3743 coli
622 3678 726 3757 addit,
738 3685 897 3763 tunquam
907 3679 1007 3763 hujus
1019 3696 1141 3743 numen
1162 3696 1249 3761 pree·

146 3783 271 3848 clarius
285 3782 435 3859 referret,
458 3783 514 3847 cui
537 3800 574 3846 se
588 3782 623 3845 in
645 3782 764 3864 primis
788 3786 1010 3848 consecraret.
1054 3780 1145 3844 Num
1169 3778 1250 3843 Car·

147 3884 406 3968 theginiensium
417 3884 515 3949 Deos
530 3883 718 3966 religiosius
730 3902 767 3947 se
780 3883 931 3948 venerari
944 3882 1010 3962 eit3
1025 3879 1250 3961 AEsenlapius

148 4005 228 4052 vero
238 3986 377 4053 Numen
385 3986 520 4053 illorum
533 3986 673 4051 tutelere
687 3990 721 4051 et
733 3986 920 4069 proprium,
934 3987 973 4048 nt
986 4003 1031 4047 ex
1045 3981 1251 4046 Tertulliano

147 4094 180 4153 et
194 4089 275 4155 eliis
289 4092 394 4171 petet.
442 4087 546 4152 Isidis
566 4086 601 4149 in
616 4086 762 4165 Groecie,
785 4092 821 4151 et
840 4084 961 4150 Rcmae
982 4082 1130 4148 Osiridis
1145 4084 1251 4149 sacris

147 4192 307 4259 initiatus
322 4194 384 4269 est,
395 4190 453 4257 nbi
469 4194 502 4255 et
514 4192 707 4273 segregatus
722 4188 767 4254 nb
782 4189 870 4267 eliis,
886 4195 922 4254 et
935 4188 970 4252 in
985 4184 1131 4272 collegii
1147 4186 1251 4251 Isiaci
