3000 4859
269 375 314 439 at
475 362 483 380 ⁸
559 386 792 439 unsnruonrs
818 384 866 434 nn
888 384 1061 435 sentuno.

270 532 361 596 bitur
384 532 436 596 De
459 529 535 595 Deo
561 530 710 594 Socratis
732 527 832 594 facile
852 530 904 589 est
922 526 1078 590 invenire.
1120 524 1357 611 Cujusrerba,

272 636 405 715 propter
420 631 614 714 elegantiam
629 648 790 696 sensnum
804 635 839 693 et
863 628 1023 692 orationis
1038 625 1189 710 lepidam
1202 634 1359 691 venusta·

275 738 350 809 tem,
366 734 479 798 curavi
492 734 655 797 inserere:
676 739 716 797 ut
734 731 790 796 his
802 750 877 812 qnae
887 729 1073 793 scribuntur
1085 729 1248 811 promtius
1263 727 1360 791 adhi-

273 832 390 897 beatur
410 831 503 909 fides,
526 852 603 896 curn
622 832 665 895 de
678 831 858 914 purissimo
872 829 963 893 tonte
978 828 1137 911 maj0rnm
1150 830 1266 893 eadem
1279 846 1359 911 pro·

272 929 412 998 tinxisse
426 932 621 999 constiterit
657 933 718 997 Ait
731 935 845 1015 itaque
860 929 1036 1013 Apuleius,
1057 931 1118 993 &a

742 1084 892 1151 Deinde:

319 1202 410 1269 Haec
424 1202 589 1288 Apuleius
603 1206 772 1286 eleganter
789 1201 922 1286 quidem
937 1207 973 1265 et
985 1199 1169 1284 splendido.

629 1370 723 1435 Idem
736 1370 796 1435 lib.
807 1385 875 1434 vu.
885 1388 963 1451 cap.
976 1368 1009 1431 6.

321 1492 377 1557 Ex
391 1495 514 1576 quibus
527 1494 627 1559 valde
641 1496 807 1560 nobilitati
821 1500 897 1559 sunt
912 1492 1036 1571 Graeci,
1050 1490 1364 1571 Plotinns,1ambli·

279 1592 373 1671 chus,
394 1600 429 1658 et
451 1594 666 1677 Porphyrius,
682 1594 878 1671 Catholicae,
895 1599 932 1658 ut
950 1593 1080 1668 dicitur,
1097 1590 1177 1657 fidei
1195 1591 1365 1675 pessimus

278 1692 493 1776 impugnator.
531 1693 572 1758 In
595 1702 735 1778 utraque
757 1713 837 1759 vero
866 1694 1008 1775 Lingua,
1030 1690 1153 1757 Graeca
1173 1691 1303 1757 scilicet
1330 1696 1367 1756 et

279 1790 411 1871 Latina,
425 1794 548 1858 nobilis
561 1796 673 1861 extitit
685 1796 852 1880 Apuleios
863 1793 964 1858 Ater:
983 1791 1224 1876 virmagnusin
1233 1792 1366 1876 primis,

280 1898 315 1956 et
336 1894 394 1975 qui
417 1900 589 1958 venustate
610 1914 739 1959 morum
759 1901 793 1959 et
805 1895 938 1959 dicendi
952 1894 1053 1976 copia
1067 1893 1278 1959 Socraticum
1291 1892 1367 1955 iou·

280 1998 346 2055 tem
361 1996 395 2056 et
408 1990 617 2058 Platonicum
632 1999 804 2060 torrentem
816 1993 917 2059 facile
930 1994 1078 2059 redoleat
1090 1994 1146 2059 vei
1160 1993 1299 2057 tenuiter
1313 2010 1367 2057 sa·

281 2092 395 2175 pienti.

622 2217 714 2283 Idem
728 2218 786 2283 lib.
803 2234 884 2284 v111.
899 2238 977 2303 cap.
991 2220 1045 2283 10.

318 2333 455 2409 Verum,
464 2335 546 2417 qnia
553 2334 699 2399 Laetitiae
710 2335 744 2397 iu
753 2335 918 2399 conviviis
926 2335 1110 2417 frequenter
1119 2334 1293 2398 insidiatur
1302 2332 1370 2411 Ira,

284 2433 327 2495 ab
341 2434 508 2516 ejusmodi
522 2434 621 2499 dictis
636 2434 886 2518 temperandum
904 2443 967 2511 est,
988 2440 1023 2499 et
1042 2433 1257 2512 Quaestiones
1277 2433 1371 2499 Con·

285 2532 426 2597 finales
445 2534 478 2598 in
501 2552 613 2597 omnes
635 2537 862 2617 proponendae
877 2542 953 2599 suut
969 2540 1029 2599 aut
1043 2532 1222 2598 solvendae.
1267 2531 1371 2611 Quod

285 2651 385 2713 genus
399 2633 447 2698 ita
459 2631 596 2697 Veteres
610 2634 772 2698 ludicrum
786 2655 850 2700 nou
864 2641 1035 2721 putamut3
1057 2641 1097 2697 ut
1115 2640 1150 2698 et
1167 2632 1371 2698 Aristoteles

287 2731 402 2891 aptique
421 2732 462 2796 de
476 2734 560 2815 ipsis
587 2734 768 2816 scripserit,
781 2743 816 2801 et
830 2735 1039 2812 Plutarchus,
1053 2741 1085 2799 et
1099 2733 1277 2817 Apuleius,
1292 2748 1372 2797 cum

318 2836 465 2895 rontoue.

637 2978 732 3045 Idem
747 2979 859 3064 Epist.
874 2998 1027 3048 onxxrr.

330 3095 380 3160 Ut
390 3097 437 3162 eit
449 3097 615 3181 Apuleius
628 3102 661 3163 in
675 3102 770 3169 libris
786 3105 839 3170 De
851 3107 927 3171 Deo
941 3108 1104 3183 Socratis,
1132 3105 1304 3172 ‘Laudem
1317 3124 1374 3171 ce·

287 3196 427 3262 lenitatis
442 3200 541 3262 simul
555 3206 588 3264 et
601 3200 780 3283 diligentiae
794 3225 891 3270 nemo
906 3205 1115 3289 assequitur:

310 3363 502 3435 Vincentius
517 3370 734 3435 Beluacensis
748 3372 880 3455 Specui.
896 3374 1076 3440 Historiar.
1089 3375 1148 3440 lib.
1163 3392 1213 3443 ιν.
1228 3395 1305 3459 cap.
1320 3376 1353 3439 7.

332 3499 386 3562 De
396 3497 541 3583 Apuleio
556 3503 663 3568 multa
677 3503 821 3586 loquitur
834 3505 1054 3587 Augustinus,
1067 3504 1209 3572 inlibris
1224 3508 1266 3573 de
1281 3504 1377 3573 ctri-

291 3602 359 3659 tate
372 3598 449 3661 Dei.
477 3600 593 3683 Hujus
608 3604 711 3683 reperi
726 3604 810 3667 dnos
824 3606 939 3683 libros,
949 3624 1052 3669 unum
1066 3604 1109 3669 de
1119 3606 1202 3672 Vita
1217 3615 1251 3674 et
1265 3608 1377 3675 Mori·

291 3697 353 3759 bns
369 3695 534 3777 Platonis,
550 3701 649 3764 alium
663 3702 720 3783 qui
734 3704 917 3769 intitulatur
931 3704 983 3768 De
994 3704 1069 3769 Deo
1083 3706 1243 3771 Socratis.

334 3870 475 3938 Carolus
487 3876 627 3959 Magnus
634 3877 675 3941 de
685 3878 719 3942 N
721 3899 764 3943 on
773 3880 964 3945 Adorandis
976 3882 1194 3965 Imaginibus,
1205 3886 1266 3950 lib.
1280 3904 1332 3952 ιν.

334 3994 477 4062 Dicente
498 4000 645 4082 Apuleio
668 4001 845 4067 Platonico
867 4005 1072 4088 Philosopho
1093 4009 1326 4088 Madaurensi,
1341 4012 1376 4075 iu

162 4184 165 4189 Ι
294 4092 379 4157 libro
393 4096 450 4175 qui
465 4098 656 4164 inscribitur
666 4099 728 4185 orgi
742 4105 889 4186 ἑρμηνείας.
