3000 4859
228 378 271 445 ³⁰
515 392 747 447 nnsrrnonrn
773 391 823 437 na
845 390 1022 441 annuero.

227 538 307 603 oitia
322 536 495 605 Damonis
515 536 728 621 gratulanda:
749 535 792 600 de
807 554 875 618 qna
895 553 1004 619 nsque
1018 532 1102 599 adeo
1112 540 1147 599 et
1166 532 1241 617 ipse
1263 532 1312 596 A·

226 638 361 723 puleius
386 638 528 713 erubuit,
549 643 587 703 ut
611 636 665 701 De
690 636 765 701 Deo
789 636 939 701 Socratis
960 642 1160 719 praenotaret
1172 636 1311 699 librum:

226 758 336 825 quem,
357 738 537 804 secundum
552 756 646 801 snam
665 738 936 821 disputationem,
952 757 1019 821 qua
1034 737 1128 802 Deos
1142 755 1164 801 a
1176 738 1313 801 Daemo-

224 840 323 905 nihus
348 845 416 904 tam
439 839 609 921 diligenter
631 839 839 922 copioseque
853 837 1024 916 discernit,
1044 857 1111 902 non
1137 838 1311 922 appellare

225 942 279 1005 De
294 941 377 1019 Deo,
399 939 458 1005 sed
472 941 525 1005 De
540 941 701 1006 Daemone
716 940 866 1011 Socratis
881 940 1005 1004 debuit.
1049 938 1173 1005 Maluit
1188 940 1252 1005 hoc
1275 939 1309 1002 in

224 1044 301 1128 ipsa
322 1041 562 1126 disputatione,
585 1061 685 1125 quam
707 1042 742 1105 in
767 1039 870 1106 titulo
885 1041 960 1105 libri
975 1060 1111 1124 ponere.
1154 1040 1209 1105 Ita
1224 1042 1311 1105 enim

224 1163 284 1228 per
308 1162 423 1209 sanam
438 1142 636 1221 doctrinam,
656 1162 732 1226 quae
756 1143 908 1207 humanis
930 1142 1031 1207 rebus
1046 1142 1172 1220 illuxit,
1195 1160 1311 1207 ornnes

224 1246 279 1309 vel
303 1263 399 1329 paene
426 1262 542 1307 omnes
567 1243 739 1309 Daemonis
752 1244 870 1307 homan
884 1243 1079 1323 exhorrent;
1100 1250 1140 1307 ut
1154 1243 1309 1327 quisquis

85 1394 89 1409 ,
224 1351 301 1412 ante
317 1345 575 1429 disputationem
590 1342 739 1429 Apuleii,
755 1362 822 1428 qua
844 1344 1042 1409 Daemonum
1053 1344 1197 1425 dignitas
1217 1362 1311 1408 com·

223 1447 406 1525 mendatur,
442 1447 574 1511 titulum
601 1446 677 1510 libri
712 1446 766 1510 De
797 1445 958 1509 Daemone
991 1444 1143 1509 Socratis
1173 1444 1307 1527 legeret,

223 1568 435 1632 nequaquam
448 1548 540 1611 illum
562 1547 728 1611 hominem
757 1566 874 1611 sanum
898 1545 1001 1610 tuisse
1024 1546 1173 1610 sentiret.
1217 1544 1312 1624 Quid

224 1654 335 1712 antem
352 1648 454 1711 etiam
468 1648 542 1731 ipse
557 1648 733 1730 Apuleius,
749 1646 840 1730 quod
855 1647 890 1710 in
904 1646 1124 1712 Demonibus
1147 1646 1310 1725 laudaret,

223 1748 358 1827 invenit,
388 1756 510 1832 praeter
546 1748 760 1813 subtilitatem
791 1754 826 1811 et
847 1746 1034 1811 firmitatem
1059 1767 1248 1832 corporum,
1277 1754 1312 1813 et

221 1849 435 1913 habitationis
445 1850 595 1914 altiorem
609 1849 747 1916 locuml
773 1848 806 1912 N
808 1867 863 1912 am
878 1849 1076 1914 demorihns
1091 1868 1217 1927 eorum,
1232 1869 1309 1914 oum

223 1951 266 2015 de
288 1951 442 2015 omnibus
466 1952 657 2034 generaliter
674 1951 879 2035 loqueretur,
904 1970 972 2014 non
995 1950 1103 2016 solnm
1123 1952 1208 2017 nihil
1229 1951 1310 2019 boni

222 2050 317 2128 dixit,
332 2050 392 2115 sed
406 2050 507 2115 etiam
521 2052 701 2136 plurimum
715 2053 808 2117 mali.
853 2051 1022 2135 Denique,
1036 2051 1125 2117 lecto
1139 2052 1310 2127 illo·lihr0,

219 2169 356 2236 prorsus
370 2170 470 2217 nemo
484 2154 633 2231 miratur,
646 2173 707 2219 eos
730 2155 831 2219 etiam
844 2154 1013 2218 scenicam
1026 2154 1261 2237 turpitudinem
1276 2155 1311 2217 in

222 2252 320 2316 rebus
336 2252 459 2316 divinis
475 2252 594 2318 habore
608 2253 780 2319 voluisse:
803 2259 847 2331 et,
863 2273 939 2317 cum
955 2253 1051 2318 Deos
1064 2274 1102 2319 se
1117 2256 1226 2337 putari
1240 2255 1311 2320 vel·

221 2352 300 2429 lent,
316 2352 465 2417 Deorum
487 2354 682 2418 criminibus
696 2355 859 2419 oblectari
873 2353 1037 2436 potuisse,
1052 2366 1086 2419 et
1099 2355 1261 2438 quicquid
1274 2356 1311 2419 in

222 2470 335 2515 eornm
357 2454 465 2517 sacris
490 2455 652 2519 obscoena
679 2456 890 2534 solennitate,
922 2474 983 2520 sen
1007 2457 1093 2539 turpi
1115 2456 1310 2522 crudelitate

221 2552 276 2618 vel
289 2552 426 2633 ridetur,
441 2554 495 2619 vel
509 2553 666 2634 horretur,
681 2574 794 2620 eorum
808 2554 983 2620 affectibus
994 2557 1182 2621 convenire.

517 2734 520 2741 '
535 2731 628 2797 Idem
644 2736 763 2800 eodem
777 2736 836 2802 lib.
850 2756 927 2822 cap.
941 2738 997 2803 19.

265 2858 441 2925 Postremo
457 2862 529 2945 ipse
545 2860 711 2946 Apuleius
726 2867 886 2951 numquid
913 2870 1006 2952 apud
1019 2869 1159 2935 ludices
1174 2867 1313 2936 Christi·

222 2976 307 3023 anos
319 2959 362 3024 de
376 2959 523 3044 Magicis
540 2966 666 3029 artibus
682 2974 862 3065 accusatus
876 2972 955 3035 estt

690 3150 735 3216 Et
755 3160 854 3237 post:

266 3279 378 3364 Hujus
394 3287 501 3347 autem
517 3281 719 3367 Philosophi
730 3286 897 3351 Platonici
912 3290 1148 3371 copiosissima
1159 3299 1193 3356 et
1207 3292 1311 3357 diser·

221 3382 352 3446 tissima
372 3388 466 3447 extat
490 3383 618 3462 Oratio,
635 3404 712 3469 quae
735 3389 859 3453 crimen
875 3390 994 3454 artium
1014 3391 1221 3474 Magicarum
1238 3414 1260 3458 a
1274 3414 1312 3457 se

222 3482 365 3545 alienum
386 3501 462 3546 esse
485 3481 656 3551 defendit:
679 3506 784 3570 seque
806 3490 901 3554 aliter
921 3510 985 3554 non
1009 3494 1083 3557 vult
1098 3494 1312 3558 innocentem

222 3580 338 3657 videri,
359 3582 425 3644 nisi
453 3600 494 3646 ea
522 3586 675 3665 negando
705 3606 782 3669 quae
810 3608 877 3653 non
903 3599 1046 3676 possunt
1067 3594 1111 3657 ah
1132 3596 1311 3661 innocente

223 3681 395 3746 committi.

580 3817 676 3883 Idem
688 3822 746 3885 lib.
762 3843 796 3888 x·
811 3841 885 3906 cap.
898 3823 954 3889 27.

266 3945 400 4025 Quanto
437 3946 612 4015 humanius
647 3962 682 4018 et
713 3956 920 4021 tolerabilius
943 3964 1195 4040 ¹consectaneus
1230 3968 1311 4027 tuus

223 4044 419 4212 ἓαωηξυε
440 4050 603 4137 Apuleius
619 4058 752 4135 errarit,
767 4056 824 4138 qui
846 4060 1077 4125 tantummodo
1093 4061 1275 4129 Daemones
1289 4084 1312 4129 a

276 4164 330 4225 na,
374 4168 405 4213 c.
