3000 4859
431 384 661 437 eurinome
687 388 735 438 ns
759 388 933 440 sruuuuo.
1175 378 1220 443 ³8

559 526 655 595 Idem
667 530 802 597 ibidem.

170 641 337 810 (hdpuleius
362 644 595 711 Madaurensis
621 648 832 731 syllogismos
853 650 1057 733 categoricos
1071 652 1217 717 breviter

132 763 170 809 eu
217 746 299 811 avit

511 860 706 929 Priscianus
722 864 785 930 liu.
801 882 858 932 x..

170 978 370 1063 ‘Dispesco,
388 978 582 1063 dispescat:
606 982 695 1063 quod
717 981 818 1064 ponit
832 979 994 1066 Apuleius
1007 984 1043 1047 iu
1058 983 1214 1068 Dialogu,

128 1082 184 1163 qui
199 1089 252 1145 est
265 1079 319 1145 De
331 1081 408 1146 Deo
430 1080 599 1145 Socratis:
623 1080 727 1145 ‘Cum
749 1088 784 1147 ct
803 1082 999 1148 habitacula
1018 1103 1148 1149 summa
1168 1088 1212 1151 ab

127 1180 249 1245 intimis
281 1188 375 1247 tauta
410 1180 655 1265 intercapedine
687 1181 815 1266 lastigii
842 1183 1060 1268 dispescunt}
1087 1186 1213 1266 idest,

127 1278 261 1345 distent.

432 1406 583 1472 Isidorus
599 1408 767 1491 Originum
785 1408 844 1473 lib.
862 1425 902 1473 tt.

166 1520 245 1586 Has
272 1520 433 1587 formulas
458 1525 719 1605 categoricorum
746 1526 1008 1609 syllogismorum
1037 1527 1096 1609 qui
1116 1527 1227 1611 plene,

124 1640 223 1687 nosse
249 1623 426 1703 desiderat,
453 1624 575 1689 librum
603 1627 690 1710 leget
718 1628 777 1709 qni
797 1626 986 1691 inscribitur
1009 1635 1110 1692 ΠΕΡΙ
1133 1624 1210 1692 ἘΡ-

125 1728 319 1791 ΜΗΝΕΙΑΣ
343 1723 490 1809 Apuleii,
521 1731 555 1791 et
582 1748 657 1811 qnae
679 1728 832 1792 subtilius
863 1732 940 1791 sunt
971 1734 1110 1794 tractata
1136 1749 1212 1811 cog·

124 1831 249 1891 noscet.

293 1948 487 2036 Fulgentius
507 1951 685 2019 Pleciedes
698 1951 740 2017 de
756 1952 873 2018 Prisco
888 1953 1060 2019 Sermone.

163 2066 331 2151 Apuleius
339 2065 448 2133 Asino
464 2068 575 2134 Aureo
589 2070 767 2135 introducit
775 2089 920 2136 sororem
931 2071 1080 2156 Psyches
1088 2072 1206 2136 marito

124 2168 348 2234 detrahentem
370 2168 497 2233 dicere:
521 2168 643 2234 ‘Patre
656 2189 731 2234 meo
746 2171 910 2233 seniorem
923 2174 1077 2235 maritum
1092 2174 1206 2235 sortitu

123 2288 208 2346 sum,
239 2268 318 2333 dein
339 2270 460 2353 quovis
482 2289 587 2353 puero
615 2270 834 2354 pumilionem,
866 2276 900 2333 et
928 2272 1101 2335 cucurbita
1135 2272 1205 2353 gla-

121 2366 284 2435 hriorem.’

570 2467 664 2534 Idem
677 2467 761 2534 ibid.

161 2586 364 2669 choragium
392 2586 551 2670 virginale
580 2587 681 2652 sunus
708 2594 858 2653 vocatur.
900 2587 1066 2672 Apuleius
1096 2588 1206 2655 Metu-

120 2687 247 2773 morph.
269 2686 456 2771 ‘choragio
469 2687 583 2771 itaque
599 2684 757 2770 perlecto,
769 2687 1008 2753 domuitionem
1022 2689 1161 2772 parant.'

544 2851 638 2918 Idem
654 2853 789 2918 ibidem.

161 2968 319 3033 Ednlium
330 2969 373 3034 ab
388 2965 518 3047 edendo
529 2967 653 3033 dicitur
667 2967 904 3051 praegustative
914 2967 1087 3033 comestio.
1108 2966 1204 3049 Apu-

119 3067 205 3133 leius
220 3066 329 3133 Asino
349 3068 481 3133 Aureo:
506 3067 658 3132 ‘Eduliis
676 3068 815 3152 opipare
830 3066 997 3151 excepta!
1040 3065 1202 3150 Opipauc,

118 3168 153 3233 id
167 3177 232 3248 est,
245 3168 348 3246 laute,
363 3173 397 3234 et
408 3168 577 3234 deliciose.

331 3338 424 3404 Idem
440 3336 630 3423 Mytholog.
645 3341 704 3406 lib.
719 3354 777 3403 111.
792 3338 835 3404 de
847 3339 990 3422 Psyche.

157 3457 326 3542 Apuleius
340 3458 373 3522 in
388 3456 484 3521 libris
501 3456 810 3541 Metamorphoseon
822 3455 909 3519 haue
923 3454 1068 3519 lehulam
1079 3455 1203 3538 planis·

118 3559 198 3623 sime
221 3558 421 3641 designavit,
446 3560 505 3621 sc.
540 3556 644 3642 (Ques
667 3556 757 3633 vide,
779 3560 814 3619 et
836 3553 882 3619 ihi
906 3552 1029 3618 fabulae
1053 3551 1204 3637 Psyches

117 3660 389 3743 expositionem.)
437 3655 554 3741 [Aliud
588 3656 753 3739 Fulgentii
777 3655 999 3721 testimonium
1030 3654 1135 3719 hahes
1168 3655 1204 3717 iu

117 3758 280 3824 Wowerii
294 3756 401 3837 Vita]

200 3920 225 3986 J
226 3941 259 3985 ο.
274 3919 523 3986 Salisberieusis
539 3918 580 3983 de
595 3916 686 4001 Nng.
700 3916 822 3982 Curial.
835 3916 894 3980 lib.
911 3932 962 3979 vt.
974 3936 1049 3999 cup.
1062 3916 1117 3979 27.

159 4034 202 4101 tet
224 4036 282 4101 hic
298 4038 432 4119 quidem
451 4054 519 4101 nan
540 4039 593 4100 est
614 4052 709 4099 meus
730 4052 851 4108 sermo,
871 4032 933 4097 sed
946 4050 1046 4113 quem
1058 4030 1203 4093 omnium

116 4136 318 4221 sapientium
332 4142 442 4201 coetus
458 4135 682 4211 concelebrat,
697 4141 732 4197 et
746 4151 844 4215 quem
858 4132 894 4196 iu
908 4131 993 4196 libro
1008 4131 1066 4215 qui
1087 4130 1204 4195 inscri-

180 4252 447 4316 bebaetvascm.
637 4249 709 4313 Aput.
1118 4246 1139 4295 c
