3000 4859
265 369 308 432 84
738 385 891 434 nounnrr

265 527 321 594 Ad
338 528 429 593 hem
446 526 503 593 ille
515 528 681 594 marcidos
693 533 725 592 et
736 527 962 610 semisopitus,
974 526 1008 590 iu
1021 525 1161 590 atterum
1176 523 1266 590 lutus
1281 545 1361 592 evo·

264 633 383 709 lutus,¹
407 629 505 695 Unde
518 636 639 708 autem,
654 630 776 713 inquit,
791 629 877 706 scio,
893 647 937 693 en
953 635 1171 693 convectore³
1194 627 1255 692 illo
1270 634 1362 706 tuo,'

265 751 342 796 curn
364 751 430 814 quo
456 751 532 796 sero
557 731 760 808 deverieras,
781 730 945 814 jugulato,
970 730 1061 810 ingre.
1083 729 1222 794 mundes
1245 732 1362 813 praesi·

231 831 233 837 ’
265 831 379 896 dinml
406 832 494 896 lllud
516 831 608 896 horae
624 832 758 896 memini
775 851 840 909 me,
866 837 954 896 terre
977 833 1179 909 dehiscente,
1204 831 1277 914 [12]
1293 833 1361 896 ime

265 931 419 1010 Tartaru,
431 933 535 1014 inque
544 933 595 996 his
606 951 723 998 cenem
732 931 910 998 Cerberum
922 947 1057 1016 prorsus
1065 932 1263 998 esurientem
1271 935 1364 998 mei⁴

265 1035 493 1117 prospexisse.
523 1033 576 1098 Ac
590 1034 790 1098 recordabar
803 1033 965 1118 profecto,
977 1035 1101 1098 bonnm
1117 1033 1277 1099 Meroiin5
1293 1054 1362 1098 non

265 1133 495 1198 misericordia
512 1132 629 1217 jugulo
641 1154 716 1198 meo
730 1134 935 1218 pepercisse,
958 1137 1017 1200 sed
1042 1137 1172 1201 saevitia
1195 1138 1286 1200 cruci
1306 1155 1361 1200 ure

265 1234 482 1301 reservasse.⁶
525 1235 565 1300 In
588 1235 780 1302 cubiculum
803 1236 914 1319 itaque
931 1255 1094 1313 reversus,
1116 1234 1158 1300 de
1173 1257 1294 1320 genere
1310 1243 1363 1303 tu·

266 1421 359 1482 quiden
370 1421 466 1470 cilinio
479 1435 546 1484 posce
561 1417 678 1485 spoliari?
710 1419 752 1470 Aa
770 1420 821 1469 lraec
836 1419 876 1469 ilie
893 1421 1007 1482 lunum
1017 1426 1041 1469 et
1059 1419 1209 1468 monimum
1227 1423 1364 1468 concertenr

265 1499 290 1533 re
301 1486 327 1532 in
336 1486 437 1536 alterum
448 1487 518 1548 uror,
528 1484 576 1536 Sed
585 1487 625 1549 qni
643 1487 701 1545 reio,
710 1485 796 1548 inquit
807 1500 838 1533 os
850 1485 980 1544 interserto
986 1491 1028 1534 tuo
1038 1485 1081 1532 ilio
1098 1484 1190 1542 comite,
1199 1499 1253 1532 cnm
1262 1499 1307 1546 quc
1317 1483 1363 1530 nec

265 1549 390 1598 deomem
400 1549 452 1598 tert
463 1551 562 1612 oerperi,
570 1566 633 1600 nnnc
642 1549 705 1612 sugo
716 1552 790 1599 minti
805 1547 931 1598 munior?
965 1549 1084 1597 Recordor
1099 1563 1135 1597 me
1146 1548 1186 1596 illo
1202 1552 1317 1598 momento
1327 1545 1365 1594 ci·

266 1613 328 1660 dicre
338 1613 421 1662 celime
435 1613 632 1680 iiouter‘nfirnum
643 1613 806 1674 Auernum,et
822 1614 884 1662 ineo
893 1629 974 1662 conen
987 1613 1114 1662 Cerberum
1135 1614 1181 1660 mei
1197 1613 1280 1661 mendi
1297 1611 1365 1674 cepi·

265 1677 396 1727 Murem.
429 1678 463 1726 Et
474 1683 537 1728 certo
552 1679 658 1728 coniciet
675 1678 734 1726 ruiti
744 1678 771 1725 in
782 1682 883 1727 mentem
901 1678 983 1726 ionum
993 1677 1094 1726 Meroen
1103 1691 1149 1726 noc
1164 1675 1304 1726 maineriae
1315 1689 1366 1724 nro·

265 1753 310 1788 nor
320 1755 334 1788 o
343 1741 401 1790 collo
412 1755 461 1790 ntro
471 1757 501 1791 erc
513 1742 769 1804 commiserationem
779 1742 918 1791 crudelitate
925 1757 968 1792 ruo
975 1757 1011 1790 nse
1019 1741 1172 1790 receronoirre
1179 1743 1211 1789 cd
1219 1740 1364 1804 moneor.

269 1803 329 1852 Cum
341 1818 397 1867 crgo
407 1806 529 1856 rediissem
545 1807 572 1856 in
581 1805 718 1870 miimlum,
727 1805 886 1870 dicuntum
896 1809 959 1869 opud
969 1820 1006 1856 me
1015 1820 1091 1868 gener
1100 1805 1194 1870 aliquod
1209 1805 1293 1855 cnmtio
1303 1803 1367 1854 cuii·

724 1949 907 1969 000an

265 2046 362 2108 spoliari
373 2049 473 2095 tanturn
485 2052 526 2096 est
536 2047 561 2096 in
571 2047 619 2096 Ed.
628 2047 701 2099 Juut.
714 2053 781 2110 post.
804 2046 855 2095 Sed
864 2047 950 2110 despol-
960 2060 1018 2102 curu
1029 2045 1194 2108 strumen.
1203 2039 1253 2096 dic.
1265 2045 1367 2096 hubent

266 2111 331 2161 Mer.
349 2123 452 2186 qnoque
471 2110 546 2160 Petr.
563 2111 647 2161 Pelet.
669 2113 738 2161 Flor.
757 2112 844 2160 Oxou.
863 2111 928 2174 lieg.
940 2112 1022 2161 Wess.
1043 2113 1088 2160 lib.
1102 2125 1143 2159 rr.
1162 2125 1189 2175 p.
1200 2115 1242 2160 78.
1267 2111 1364 2160 ‘Ursae

266 2175 422 2238 despoliavit
443 2174 585 2225 lotrensem·
618 2175 667 2226 Ed.
691 2177 809 2225 Elmeuir.
830 2175 897 2224 uncie
916 2177 1000 2238 dispol.
1032 2175 1101 2224 Vide
1123 2175 1149 2224 d.
1172 2177 1189 2226 l.
1223 2176 1253 2224 lu
1275 2175 1366 2226 Oxou.

266 2239 375 2289 ridicule
394 2239 539 2288 Poiesiinio.
556 2238 672 2289 ond-l
692 2241 779 2290 Pelet.
797 2239 870 2288 Pitlr.
887 2239 927 2288 Ad
946 2241 989 2288 loc
1014 2247 1043 2289 ut
1066 2240 1158 2303 possim
1182 2241 1209 2288 iu
1229 2239 1279 2288 illis
1300 2241 1365 2290 urse.

267 2303 336 2352 vtoe
346 2302 421 2354 infre.
455 2304 535 2368 lupuit
545 2312 605 2368 post
613 2305 718 2354 evolutus
726 2310 825 2368 penum
834 2305 898 2353 Fun.
907 2275 997 2353 Gueii.
1010 2312 1037 2354 et
1048 2305 1110 2353 Per.
1122 2304 1206 2354 Codd.
1239 2303 1293 2353 Pro
1303 2305 1366 2354 sndc

265 2368 292 2416 ln
305 2367 370 2417 Fun.
381 2381 461 2416 unum.
476 2367 568 2418 Id.-2
584 2369 660 2417 Melit
671 2369 812 2418 Selmnrius
822 2369 948 2416 recoimur.
966 2367 1056 2417 [ει-8
1074 2369 1145 2418 Nulli
1161 2369 1203 2416 iric
1222 2369 1365 2417 victoribus

267 2433 325 2496 equi
335 2435 382 2508 port
394 2445 493 2508 currus.
526 2433 614 2510 Quare
623 2432 710 2510 ‘adime
722 2434 747 2482 in
760 2433 889 2483 sententie
900 2446 1049 2510 permoneo,
1064 2432 1244 2511 corripendum
1265 2433 1365 2509 rideri:

266 2495 583 2624 ᾟῗξῗρωῗὲὶῗὲἰὶέἒ.
597 2503 819 2612 illimem&
834 2497 1367 2624 t...initu''titillet‘rlsltri

266 2637 324 2688 pro,
342 2637 440 2682 comeo,
458 2626 522 2674 libro
530 2632 605 2676 sento
614 2625 647 2674 de
658 2625 758 2688 Lingua
769 2626 827 2674 Lot.
842 2633 869 2674 et
879 2625 960 2674 mults
970 2625 1003 2674 nb
1014 2625 1106 2676 eodem
1118 2627 1196 2677 uerbo
1204 2627 1261 2675 eliis
1270 2625 1367 2675 Grem-

265 2688 366 2737 rueticis
377 2689 479 2752 priscis.
496 2689 611 2740 Sto-ecl.
645 2691 710 2739 Mihi
720 2689 808 2739 inritis
819 2688 891 2739 libris
909 2689 1004 2754 eiiqnid
1023 2697 1123 2740 mutere
1141 2691 1231 2754 religio
1248 2697 1298 2752 est,
1314 2695 1367 2742 dcc.

266 2753 301 2801 Et
312 2767 374 2802 seue
385 2754 479 2817 siquid
491 2753 753 2804 ruutsnduuronrnino
765 2755 809 2814 sit,
825 2753 912 2802 molior
930 2755 1077 2803 convictore.-
1093 2755 1137 2818 qui
1158 2763 1245 2804 recurri
1261 2754 1319 2804 ireri
1336 2756 1365 2804 in

266 2831 338 2864 coeno
348 2815 407 2877 fuit,
422 2817 517 2881 qrrique
530 2825 615 2868 tecum
627 2819 678 2867 huc
688 2817 812 2868 devertit.
845 2819 880 2867 Et
890 2817 1011 2876 comoitor,
1028 2825 1126 2882 praeter
1135 2820 1203 2883 qnod
1220 2821 1276 2882 ipsc
1292 2821 1367 2868 novi·

266 2887 321 2928 tete
334 2893 378 2927 sne
389 2879 449 2928 milri
461 2889 607 2946 suspectum
620 2892 670 2945 err,
688 2889 740 2932 turn
752 2889 780 2932 et
795 2898 811 2931 e
821 2883 927 2945 scriptre
938 2890 1105 2947 receptisque
1115 2883 1236 2934 lectionis
1247 2884 1365 2946 vestigiis

264 2943 369 2992 nimium
381 2949 504 3006 qrrsutum
517 2946 628 2996 recedit.
645 2946 738 3011 Sciopp.
750 2947 822 3010 Scep.
832 2947 898 2997 lect.
910 2959 940 2996 rr.
951 2951 993 2996 2⁰.
1011 2948 1158 2998 Convenere.
1185 2947 1227 2997 Itu
1238 2947 1365 3012 Scaliger.

265 3005 297 3056 ln
310 3007 496 3072 Mnnnscriptis
506 3016 533 3060 et
542 3011 619 3062 editis
630 3013 747 3062 omnibns
759 3020 800 3060 ent
810 3017 952 3059 convectore.
984 3011 1113 3062 Gruterus
1124 3012 1278 3076 suspicion.
1287 3013 1332 3061 lib.
1345 3026 1366 3062 r.

265 3085 323 3136 cnp.
334 3077 358 3121 8.
368 3079 505 3123 concentore
516 3075 587 3139 legit.
619 3075 779 3126 stewechius
788 3075 922 3137 comlitore,
938 3074 982 3123 clii
992 3077 1131 3126 convictore.
1148 3077 1365 3126 elmenhorstius.

265 3141 313 3184 —t
330 3137 460 3187 lilnurrscr.
471 3140 615 3188 esurientem
624 3155 667 3189 me.
685 3140 799 3191 colrius.
834 3139 900 3188 Flos.
918 3141 1059 3188 emientem
1074 3156 1118 3190 nre.
1136 3141 1252 3189 Elrneulr.
1285 3139 1366 3190 noue

265 3198 351 3248 Pelet.
364 3201 437 3250 Petr.
449 3202 534 3251 Oxou.
546 3205 612 3252 Fun.
623 3205 684 3253 Per.
694 3204 722 3252 iu
733 3218 786 3268 qno
797 3202 886 3252 itidem
900 3203 1057 3266 exorientem,
1073 3214 1102 3254 nt
1120 3206 1292 3270 conjungetur
1310 3219 1365 3254 non

266 3277 324 3312 curu
335 3264 450 3314 erumred
462 3281 519 3315 curu
530 3269 642 3316 mertini:
660 3268 725 3317 odeo
745 3282 777 3317 ue
790 3267 894 3316 ridetur
908 3274 1035 3316 mutatum
1055 3269 1089 3316 cb
1109 3269 1168 3330 iilis,
1183 3271 1227 3335 qui
1243 3268 1365 3318 eredide-

265 3335 325 3378 runt
335 3344 371 3378 me
383 3339 440 3392 post
451 3333 545 3381 tuemini
555 3333 698 3381 necessario
709 3285 811 3381 edesse.
830 3333 941 3380 nun-s
958 3332 1045 3381 Onon.
1066 3334 1183 3382 Mceccrn.
1215 3333 1274 3383 Pel.
1293 3335 1366 3384 mire

265 3391 349 3442 Abest
366 3395 495 3457 pepercisse
512 3397 545 3444 nb
567 3397 653 3446 Onon.
671 3397 760 3445 Id.-o
775 3396 854 3455 Vola.
873 3409 983 3445 morse.
1017 3395 1086 3445 Illud
1105 3397 1197 3447 merim
1220 3404 1248 3447 et
1266 3398 1366 3461 sepius

264 3455 541 3523 Apuleiousnrpeturu.
574 3459 626 3510 Sed
638 3460 720 3510 taedet
731 3460 787 3510 lraec
799 3461 859 3509 tulin
870 3459 984 3521 plrrribus
995 3462 1125 3524 persequi.
1158 3462 1241 3511 Simili
1257 3469 1368 3512 senten·

266 3519 303 3568 tie
314 3523 561 3586 Epigrsurmctcrins
572 3523 680 3574 Grreeus
689 3524 735 3573 lib.
747 3539 766 3574 r.
776 3524 855 3573 Andr.
872 3522 900 3571 ni
909 3522 941 3584 μὴ
952 3525 991 3572 nir
1007 3541 1037 3573 oe
1053 3527 1142 3586 notice
1158 3527 1245 3590 emir,
1261 3525 1368 3578 θάνατον

760 3653 867 3703 NOTAE

297 3749 312 3774 r
331 3743 472 3794 Convertere
489 3746 599 3810 diolco]
616 3747 792 3799 converteres
832 3764 851 3800 r.
863 3765 887 3800 r.
900 3755 924 3802 8.
936 3758 1081 3803 ementem.
1109 3755 1255 3804 ammon
1265 3752 1370 3805 dixerit

263 3824 333 3878 sunt,
360 3819 405 3882 qui
432 3820 508 3869 simul
529 3822 672 3884 uehentum
699 3833 791 3888 estque
832 3825 938 3890 Noster,
950 3835 979 3878 nt
989 3827 1256 3890 dinit⁸udrentores,’
1268 3843 1368 3893 supter

264 3893 345 3942 dictio
366 3896 472 3959 proprie
489 3897 657 3949 nauticorum.
691 3899 741 3948 llic
753 3909 791 3950 te·
832 3904 839 3929 ‘
853 3905 887 3952 Et
899 3918 966 3953 nunc
978 3919 1057 3954 renen
1068 3906 1122 3967 ille,
1132 3905 1229 3955 dolium
1242 3907 1369 3958 inuntnrrc

265 3983 322 4018 men
334 3977 474 4020 connector
486 3986 531 4036 pro
543 3973 638 4024 comite
654 3974 703 4024 riae
715 3977 790 4025 curni-
831 3979 883 4028 riui
895 3980 943 4040 sui,
953 3980 1108 4030 adventores
1120 3982 1243 4044 pristinos
1255 3982 1281 4031 iu
1294 3982 1369 4034 face

265 4049 317 4092 tur.
349 4045 450 4110 legunt
470 4047 571 4112 quidum
590 4051 729 4112 convictore,
746 4053 790 4102 ulii
830 4056 978 4104 summissus
999 4054 1118 4107 officiosis
1139 4057 1243 4108 ronclrir
1268 4073 1369 4109 rnucus

266 4119 389 4168 conoicone
420 4137 464 4172 sen
495 4124 635 4176 comotione.
675 4127 791 4188 Scaliger
832 4131 964 4194 appellnt!

264 4208 416 4246 concmnone.
449 4199 578 4250 Gruterus
592 4201 734 4264 suspicion.
745 4204 789 4250 lib.
