3000 4859
561 378 717 431 arunurr
742 382 843 431 vrrs.
1203 370 1246 435 21

161 524 313 607 sophiam
325 523 510 589 naturalem
525 524 637 603 tradit,
652 544 728 591 cum
739 544 804 590 uon
814 524 966 590 minnela
980 526 1116 609 reliquis
1130 526 1249 592 Plato-

160 625 211 688 nis
225 622 385 707 dogmata
399 630 557 690 executus
571 626 631 691 sit:
655 626 931 709 quamadmodum
948 646 1008 690 nec
1023 626 1080 691 illa
1093 628 1187 691 solua
1204 630 1252 691 sit

161 725 202 789 de
222 724 444 808 Philosophia
465 744 532 809 quo
553 724 600 789 ab
621 724 711 804 their
724 724 807 791 vltra
821 727 1027 811 complexus.
1068 728 1159 793 Vere
1174 731 1249 813 qui·

160 825 235 891 dem
248 825 480 910 Philosophia,
489 846 557 911 qua
570 830 675 895 nostri
687 831 840 895 meliores
854 828 1025 907 afficimur,
1038 828 1120 906 irae
1132 834 1181 905 τῆς
1194 831 1250 903 do·

157 914 458 1013 χῆξᾶρρωπημᾶτων
470 927 519 991 καὶ
539 930 631 994 παθῶν
645 928 807 1017 deppam.
851 930 926 996 Nec
947 938 1055 996 tamen
1073 938 1250 1017 propterea

160 1030 325 1095 obtinebit
346 1037 387 1095 ut
409 1030 484 1095 sola
502 1029 719 1115 Philosophia
740 1033 865 1098 audiat.
909 1030 1023 1110 Quare
1044 1036 1148 1097 toturn
1163 1052 1250 1116 opus

160 1130 363 1197 decretorum
384 1129 538 1195 Platonis
558 1133 621 1198 ‘dc
636 1134 802 1217 Dogmata
819 1132 988 1199 Platonis’
1009 1135 1191 1219 inscripsit,
1214 1142 1251 1198 et

161 1233 310 1315 singulas
332 1232 558 1317 Philosophiae
571 1242 682 1319 partes
698 1255 742 1301 ex
759 1244 898 1320 recepta
909 1235 1076 1301 divisione
1090 1236 1196 1301 tribus
1209 1236 1251 1299 li·

159 1334 260 1398 bellis
282 1336 465 1417 separatim
486 1336 637 1414 tradidit,
659 1356 800 1421 quorum
829 1338 921 1421 prior
946 1338 1092 1402 continet
1106 1335 1251 1403 Natura-

160 1433 238 1512 lem,
261 1438 346 1501 alter
369 1436 545 1515 Moralem,
567 1438 680 1502 tertius
703 1438 922 1503 Rationalem·
964 1436 1133 1503 Absoluta
1152 1439 1252 1519 igitur

160 1536 287 1618 triplici
309 1536 538 1622 Philosophia,
553 1538 764 1603 commodum
779 1538 927 1603 succedit
939 1544 956 1615 ἡ
969 1536 1064 1627 agaim
1078 1537 1248 1623 φιλοσοφία,

160 1656 236 1719 quae
251 1638 362 1703 dedita
374 1640 473 1703 rebus
486 1658 628 1723 corporo
646 1646 679 1705 et
692 1642 833 1706 materia
845 1640 974 1718 solutis,
987 1650 1026 1705 ut
1040 1642 1127 1719 Deo,
1141 1640 1252 1723 Ango-

160 1738 216 1816 lis,
230 1738 358 1819 Geniis,
372 1748 407 1805 et
416 1740 551 1805 illorum
563 1740 744 1825 adjunctis.
768 1742 870 1806 Hanc
880 1742 1077 1826 complexus
1090 1750 1145 1808 ast
1157 1742 1251 1827 Apu-

161 1839 250 1904 leius
267 1841 326 1905 lib.
341 1841 383 1906 de
398 1843 472 1907 Deo
487 1842 649 1921 Socratis,
664 1843 762 1927 cujus
773 1851 893 1928 praetor
906 1844 990 1909 alios
1006 1864 1099 1927 soepc
1113 1845 1252 1909 mentio·

160 1960 235 2005 uem
258 1941 343 2008 iacit
364 1942 408 2008 D.
432 1943 520 2027 Aug.
533 1946 591 2009 lib.
608 1962 676 2011 vrr.
692 1953 729 2011 ct
744 1962 784 2009 x.
798 1945 999 2011 decivitate
1016 1944 1094 2022 Dei,
1106 1945 1253 2028 plurima

162 2060 206 2107 ex
221 2044 282 2107 illo
295 2043 375 2109 loca
388 2046 506 2109 erroris
518 2046 713 2110 convincere
729 2052 883 2112 conatus.
929 2045 1016 2125 Quae
1030 2064 1109 2110 vcro
1119 2044 1162 2109 do
1177 2044 1276 2141 lla·-

161 2144 260 2209 nibus
272 2164 317 2210 ex
334 2144 483 2229 Apuleio
497 2146 621 2230 profert
629 2146 796 2227 Isidorus,
807 2150 880 2212 sinc
890 2148 995 2213 dubio
1009 2146 1054 2211 ad
1068 2145 1132 2210 hoc
1146 2146 1253 2229 scrip·

162 2250 231 2310 tum
238 2246 459 2329 pertinentia
469 2268 536 2332 qno
546 2254 658 2313 tamen
668 2247 785 2313 eadem
795 2266 862 2311 nou
875 2247 976 2312 facile
986 2248 1141 2330 reperies.
1164 2247 1254 2312 Pris-

163 2349 278 2413 cianus
293 2348 476 2431 Dialogunr
490 2356 603 2415 vocat.
640 2348 720 2414 Nou
733 2349 858 2413 inritus
867 2349 998 2413 illorum
1009 2348 1184 2413 sententiaa
1198 2366 1255 2412 ac·

162 2449 335 2527 cesserim,
345 2452 404 2533 qui
418 2451 527 2516 minus
541 2453 701 2534 integram
711 2450 798 2516 hanc
812 2450 1066 2534 disputationem
1081 2450 1255 2515 existima·

162 2557 247 2630 runt,
279 2570 358 2617 uam
383 2559 418 2618 ct
443 2555 519 2637 ipsa
545 2552 610 2617 fine
639 2553 759 2617 mutila
784 2559 818 2617 et
841 2552 997 2617 delicians
1019 2551 1170 2617 ridetur:
1192 2551 1255 2615 ini·

161 2654 247 2717 tium
268 2670 358 2731 roro,
374 2654 473 2738 plano
494 2654 690 2738 irreptitiunr
711 2658 745 2717 ct
766 2653 876 2717 alicno
896 2652 974 2716 loco
995 2654 1155 2735 positum,
1172 2651 1254 2715 uihil

164 2760 343 2837 cognatum
356 2755 460 2819 habet
475 2774 552 2819 cum
572 2754 771 2836 gravissima
791 2753 1020 2836 disputatione
1037 2761 1071 2817 et
1083 2771 1192 2817 rerum
1205 2751 1256 2815 di·

163 2856 612 2940 vinarumcoutemplatioue.
633 2853 702 2933 Qui
718 2854 1171 2932 autem,iuductiiisverbis:
1198 2858 1257 2917 ‘ut

165 2966 280 3023 cetera
296 2958 425 3024 Latinae
437 2958 588 3023 materiae
600 2954 863 3041 persequamur,'
878 2956 1120 3030 existimarunt,
1135 2952 1257 3038 princi·

164 3060 257 3142 pium
272 3058 396 3125 Graeco
418 3077 568 3123 sermone
581 3067 778 3142 conceptum
792 3057 908 3133 luisse,
928 3058 1037 3120 minus
1049 3064 1141 3120 recte
1155 3056 1257 3119 senti·

164 3178 201 3223 re
214 3159 375 3225 videntur.
414 3158 505 3238 Quid
519 3159 638 3225 attinet
651 3179 693 3225 ea
709 3158 831 3225 Graeca
850 3174 1009 3233 enarrare,
1023 3174 1100 3238 qum
1115 3156 1259 3239 copiosa

166 3261 312 3344 quadam
326 3260 482 3327 facundia
495 3268 530 3325 ct
548 3261 662 3326 divina
685 3261 829 3345 quadam
852 3258 1029 3341 majestate
1045 3257 1221 3321 verborum
1237 3276 1259 3321 a

166 3360 311 3425 Platona
326 3361 477 3427 tradital
516 3360 596 3425 Non
612 3361 760 3427 deflectit
772 3361 815 3424 ab
828 3359 989 3424 instituto.
1032 3355 1261 3422 Constituerat

167 3469 283 3527 autem
295 3468 448 3527 mutuata
469 3482 491 3527 a
513 3462 659 3527 Platone
682 3461 815 3527 Latinis
834 3460 945 3524 verbis
966 3458 1117 3541 prodere.
1161 3457 1260 3524 libet

166 3562 286 3627 deinde
324 3563 525 3645 interrogare
557 3562 724 3647 quomodo
751 3562 854 3639 dicut,
891 3558 1133 3638 ‘Quaestiouis
1162 3558 1261 3644 hujus

168 3664 281 3728 media
302 3663 476 3740 muamus:
497 3682 598 3747 qnam
628 3669 748 3747 postea
778 3664 821 3727 ab
856 3663 934 3745 ipso
956 3661 1067 3745 capite
1095 3660 1261 3726 deducitl

170 3762 259 3841 Qua
273 3764 416 3847 denique
431 3770 499 3829 lam
514 3765 693 3829 desultoria
704 3763 877 3848 loquentis
892 3764 1014 3838 oratio,
1029 3768 1065 3825 ut
1080 3761 1154 3845 jam
1167 3762 1262 3826 uolut

167 3864 203 3928 iu
216 3865 385 3943 auditorio
395 3865 485 3949 apud
498 3866 611 3951 plures
628 3865 875 3942 sermocinatur,
889 3884 969 3928 mox
983 3862 1026 3927 ad
1040 3882 1142 3926 unum
1157 3864 1261 3928 orati·

169 3985 267 4030 ouem
279 3968 476 4032 convertat‘l
500 3966 625 4046 Quare,
636 3986 677 4032 ne
690 3968 851 4032 lectorem
860 3963 1091 4046 Philosophia
1102 3964 1261 4029 intentum

168 4071 407 4153 intempestive
420 4090 442 4135 a
456 4071 552 4135 seriis
565 4071 607 4134 ad
620 4070 753 4136 ludicra
767 4074 934 4144 avocaret,
949 4066 1065 4131 induci
1075 4085 1128 4130 me
1137 4087 1261 4151 passus

170 4188 245 4239 snm
261 4180 300 4237 ut
315 4171 461 4237 Floridis
476 4172 519 4237 ob
541 4172 791 4239 similitudinem
813 4169 1037 4254 adjungerem.
1081 4167 1191 4234 Nemo
1206 4189 1260 4233 me
