3000 4859
245 354 290 419 22
647 366 803 417 neuneu
831 366 932 415 viru.

245 515 456 599 vituperabit,
475 514 564 597 quod
584 514 628 597 ed
651 518 764 579 votum
787 514 926 596 legentis
948 512 1020 578 beeo
1042 511 1236 597 composui:
1266 532 1336 579 non

244 616 354 701 abjeci
367 624 511 700 partum,
526 616 585 679 sed
609 616 731 699 eptiori
753 615 827 681 loco
850 617 1003 700 exposui.
1048 616 1201 680 Platonis
1217 614 1336 679 Philo·

244 719 371 801 eopbim
385 716 614 800 compendium
631 724 722 781 recte
737 717 886 800 sequitur
899 716 984 781 liber
997 715 1040 780 de
1056 715 1194 779 Mundo·
1241 713 1335 781 Peri·

243 820 400 902 peteticae
416 818 578 883 doctrinae
591 823 760 882 contracto
771 817 924 902 quaedam
934 824 986 881 est
996 816 1164 882 definitio:
1187 816 1336 889 continet

244 922 330 985 enirn
347 920 605 1004 descriptionem
618 920 776 999 uniuersi,
791 939 893 1002 quam
905 919 998 984 velut
1020 919 1053 982 in
1078 920 1200 985 tabella
1220 918 1336 1003 depic-

243 1029 309 1087 tam
324 1041 390 1086 nno
405 1029 545 1105 aspectu
562 1022 684 1085 intueri
707 1021 800 1085 licet.
844 1019 983 1085 Eximie
1003 1012 1165 1098 doctrine,
1180 1022 1253 1104 pari
1267 1022 1335 1087 ele·
1372 1087 1375 1091 Δ

242 1124 363 1204 gentiae
378 1142 539 1187 consensu
552 1122 687 1187 truditn.
732 1124 879 1205 Dignum
891 1141 990 1206 opus,
1007 1124 1041 1186 in
1055 1143 1121 1206 qno
1133 1123 1334 1207 eloquentiae

242 1241 313 1287 suae
324 1221 472 1289 Veneres
487 1226 701 1309 exprimeret;
724 1226 816 1308 quod
832 1224 909 1302 bec,
931 1232 971 1289 ut
993 1226 1042 1289 ita
1056 1225 1177 1302 dicem,
1192 1224 1333 1291 transtu·

242 1324 334 1389 sione
356 1344 423 1388 uon
445 1334 552 1391 mutet
566 1345 730 1409 superem,
750 1326 1011 1409 necquicquam
1025 1326 1140 1409 gretiee
1161 1327 1212 1391 illi
1224 1329 1332 1410 perite

240 1443 281 1490 ea
296 1433 349 1492 est
370 1429 554 1512 interpretis
576 1428 747 1511 diligentia
762 1435 796 1493 et
808 1429 929 1511 ingenii
945 1427 1099 1510 qnaedam
1111 1428 1164 1492 vis
1178 1427 1331 1511 peculie-

241 1526 297 1591 ris.
340 1528 386 1593 Et
398 1528 473 1595 baeo
489 1530 624 1613 quidem
641 1529 870 1614 Philosophiae
885 1530 1034 1614 propria,
1049 1549 1128 1612 qum
1144 1537 1329 1615 temporum

242 1628 397 1712 injuriam
423 1629 614 1712 effugerunt
658 1630 798 1695 Florida
815 1631 963 1694 omnium
984 1632 1130 1695 maxime
1145 1630 1330 1715 depravata

240 1731 284 1795 ed
298 1751 358 1795 nos
381 1742 620 1815 peruenerunt:
643 1733 854 1817 nequeenim
868 1733 969 1797 soedis
983 1732 1093 1796 solum
1106 1732 1235 1795 mendis
1249 1752 1328 1798 con·

240 1834 402 1897 taminnta
425 1842 459 1898 et
481 1834 602 1913 hiulce,
629 1835 689 1899 sed
709 1836 837 1919 passim
861 1836 1079 1917 intemperate
1093 1824 1329 1899 commixtione

239 1932 404 1999 confusa:
438 1936 516 2018 ipse
546 1938 688 2021 ἐπιγραφὴ
718 1935 909 2019 supposita,
938 1942 974 1998 et
1004 1934 1048 1998 eb
1078 1934 1186 1999 aliene
1206 1954 1328 1999 manu:

217 2034 417 2125 ‚dispositio
432 2037 475 2099 ab
490 2036 657 2119 imperitis.
703 2036 822 2118 Neque
844 2035 932 2099 enirn
954 2033 1052 2097 video
1073 2034 1243 2116 quomodo
1263 2036 1328 2100 sub

239 2142 350 2201 certos
363 2137 468 2201 libros
480 2138 621 2219 rediges,
637 2157 713 2221 quae
729 2137 803 2200 sine
817 2135 885 2199 ullo
900 2154 1052 2199 connexu
1065 2135 1191 2217 ubique
1202 2134 1327 2212 lacere,

238 2233 368 2313 luxato,
383 2236 519 2317 mutila;
542 2236 623 2301 nibil
639 2237 730 2301 aliud
745 2237 943 2320 promittuut
957 2254 1056 2318 quern
1072 2235 1232 2318 reliqnies
1244 2238 1327 2302 inte·

239 2336 287 2417 gri
303 2338 463 2419 corporis,
478 2338 570 2402 nude
591 2338 723 2402 scilicet
745 2338 928 2419 fragmenta
952 2341 1114 2421 excerpto
1132 2356 1177 2401 ex
1193 2338 1327 2403 Disser-

238 2435 420 2500 tatiouibns
434 2435 583 2520 Apuleii,
599 2458 682 2521 ques
697 2440 872 2522 plerasque
894 2438 1081 2521 Carthagini
1102 2439 1230 2503 babuit.
1274 2438 1328 2505 Ee

239 2534 432 2599 estndiosis
446 2534 582 2621 Apuleii
595 2545 757 2620 congesta
771 2538 870 2602 titulo
886 2538 1095 2604 Floridorum
1109 2540 1205 2604 nobis
1220 2546 1327 2603 treus·

237 2636 343 2701 missa
358 2642 444 2715 sunt,
458 2638 545 2705 salse
559 2639 719 2705 librorum
739 2640 979 2705 distributione.
1002 2640 1128 2705 Verum
1143 2660 1197 2703 me
1212 2641 1325 2705 dicere

234 2738 311 2820 ipsa
326 2740 465 2824 ὴιγςαφὴ
488 2741 644 2823 loquitur.
687 2742 790 2819 Nm,
805 2742 861 2825 qui
886 2742 1024 2807 Florida
1045 2742 1111 2806 dici
1132 2743 1325 2807 existimant

237 2838 280 2901 nb
296 2838 518 2905 efflorescenti
533 2849 568 2907 et
580 2842 660 2907 laeto
673 2844 806 2910 dicendi
821 2864 949 2927 genere,
964 2843 1126 2909 inscitiam
1139 2864 1234 2909 suem
1244 2862 1323 2926 pro·

238 2936 340 3019 dnnt;
363 2939 425 3004 bac
440 2942 528 3007 enim
543 2945 668 3008 ratione
691 2950 793 3009 totum
815 2964 903 3028 opus
921 2945 1061 3009 Florida
1082 2945 1323 3027 inscripserint.

235 3036 373 3131 Florida
382 3048 471 3118 sunt,
485 3043 600 3121 electa,
610 3042 1012 3131 ἂνθολογίαι,χρηπομαθίαι,
1021 3045 1319 3132 θῐῆοῐοετὰχςῆσι-

232 3161 285 3217 μα.
332 3137 421 3204 Plin.
435 3142 493 3205 lib.
511 3158 568 3208 111.
584 3144 692 3228 Epist.
703 3148 733 3209 5.
750 3148 809 3224 ait,
822 3147 1021 3211 auunculum
1032 3166 1128 3211 snum
1143 3146 1319 3229 reliquisse

232 3236 426 3303 Eleetorum
451 3240 731 3309 Commentarios:
762 3252 798 3311 et
818 3248 1058 3312 observandum
1086 3247 1174 3329 quod
1198 3248 1319 3321 eodem

229 3339 307 3405 loeo
322 3342 448 3421 scribit,
471 3346 672 3411 ‘annotabet
695 3347 989 3431 excerpebntqne;'
1010 3350 1090 3430 qnia
1114 3348 1243 3413 scilicet
1256 3367 1318 3414 no·

229 3444 298 3506 tam
313 3448 362 3505 τοῦ
385 3450 515 3529 χρηστοῦ
542 3448 775 3532 appingebant,
797 3456 834 3514 ut
847 3457 967 3532 posteo
987 3457 1213 3533 excerperent,
1226 3450 1318 3532 quod

229 3549 327 3605 uocet
350 3546 552 3609 ‘annotare'
587 3546 677 3611 Vide
700 3546 859 3613 Clement
882 3549 924 3613 de
944 3548 1153 3632 Polymntbia
1167 3569 1243 3633 cep·
1259 3552 1315 3617 17.

229 3638 272 3703 ln
294 3638 449 3707 Glossis:
472 3644 545 3709 ‘Ex
560 3647 687 3725 electis,
713 3650 744 3709 ἐκ
773 3655 828 3711 τῶν
849 3647 1067 3736 meygdeerz’
1087 3670 1165 3715 nem
1178 3659 1213 3715 et
1226 3663 1315 3736 acyn-

227 3740 354 3826 γραφίας
366 3751 485 3809 vocent
498 3748 550 3820 τὰς
559 3746 692 3832 ἰκλογάς.
725 3750 808 3815 Inde
821 3751 990 3833 Eclogerii
1004 3753 1092 3835 apud
1108 3750 1313 3831 Ciceronem,

227 3844 270 3907 nd
285 3843 446 3926 Atticum,
465 3848 522 3911 lib.
538 3864 617 3913 xvr.
633 3854 692 3935 qui
707 3854 921 3937 excipiebant
933 3858 972 3917 rel
987 3853 1121 3938 χρήσιμα
1142 3861 1178 3919 et
1194 3861 1313 3921 notatu
1347 3922 1355 3938 ,

226 3941 335 4025 digna.
374 3946 462 4011 Nem
478 3969 560 4033 quos
575 3949 731 4018 Alciatus
746 3956 888 4019 somniat
902 3955 1098 4019 ‘analectes’
1112 3955 1249 4020 minime
1259 3976 1311 4021 re·

225 4043 326 4124 cipio,
342 4053 384 4122 et,
398 4067 474 4130 qnee
490 4050 608 4115 deinde
634 4053 764 4119 Coelins
777 4062 812 4119 et
824 4056 880 4120 alii
896 4056 1204 4133 comminiscuntur,
1221 4055 1310 4121 snlsn

224 4152 313 4209 sunt.
330 4146 485 4214 Nouerut
494 4173 582 4236 opus
592 4154 784 4222 difficultate
792 4157 1077 4235 illainvolvere,in
1086 4156 1208 4239 quibus
1215 4157 1310 4223 nulle
