3000 4859
227 353 271 419 14
644 370 802 425 arunnrr
827 370 930 420 vira.

228 514 459 599 Pastophoros
474 519 664 599 cooptatus,
679 532 849 579 sacrorum
863 514 975 579 munia
993 515 1087 580 obiit.
1133 514 1327 599 Dignitates

229 622 342 683 antem
355 616 430 681 istae
444 623 481 681 et
495 617 632 681 eximiae
642 615 838 680 eruditionis
853 615 943 681 sama
955 617 1068 683 varios
1081 618 1130 682 illi
1140 618 1174 682 in
1188 618 1328 683 dirersis

229 719 422 783 civitatibus
432 725 615 784 statuarum
627 718 772 783 honores
781 724 990 801 pepererant.
1004 718 1197 801 Carthagini
1211 738 1255 783 ex
1267 719 1327 783 de·

228 828 321 885 creto
335 819 598 902 splendidissimi
612 819 739 884 ordinis
754 825 868 884 statua
879 825 931 884 est
944 821 994 885 illi
1005 821 1131 887 locata.
1154 821 1233 887 OEae
1242 842 1327 905 quo-

229 944 293 1007 que
319 930 465 989 statuam
480 921 628 1004 Apuleio
649 928 806 1000 erectam,
822 921 903 985 licet
924 922 1017 985 cives
1031 922 1166 1005 aliquot
1180 923 1326 990 OEenses

226 1024 474 1102 intercederent,
487 1024 533 1090 D.
549 1024 636 1106 Aug.
659 1023 770 1089 refert.
815 1023 898 1088 Non
919 1025 1033 1108 potuit
1053 1030 1165 1089 autem
1182 1028 1219 1090 in
1233 1033 1326 1093 tanta

227 1127 369 1191 nominis
385 1126 590 1202 celebritate,
610 1126 711 1189 tantis
731 1125 835 1190 animi
848 1125 965 1209 bonis,
980 1132 1051 1189 tam
1065 1126 1230 1207 praeclara
1244 1128 1326 1194 doc-

227 1230 326 1306 trina,
341 1228 420 1312 quin
431 1228 595 1311 plurimos
614 1227 745 1292 amicos
757 1227 929 1311 reperiret:
946 1228 1136 1310 praesertim
1150 1248 1227 1294 cnm
1243 1231 1326 1294 mol-

227 1336 335 1395 torum
350 1329 461 1395 studia
470 1329 598 1412 passim
614 1330 749 1415 juvaret
769 1350 838 1413 qua
851 1328 999 1413 publicis
1021 1331 1324 1410 dissertationibus,

226 1448 296 1513 qua
309 1431 407 1495 editis
422 1431 545 1515 ingenii
556 1432 609 1495 sui
617 1433 847 1497 monumentis.
870 1431 955 1496 Inde
964 1439 1019 1497 est
1031 1434 1124 1515 quod
1136 1434 1179 1498 ad
1190 1433 1325 1517 Scipio·

226 1554 302 1599 nem
325 1530 515 1615 Orphitum,
530 1533 657 1599 Africae
672 1533 815 1601 Procos'.
831 1537 977 1600 scribere
990 1555 1060 1599 non
1073 1542 1219 1601 veretur:
1242 1535 1324 1600 ‘Ita

228 1652 359 1716 semper
373 1635 417 1697 ab
431 1635 564 1701 ineunte
580 1653 654 1699 aero
674 1637 782 1700 bonas
809 1644 899 1700 artes
921 1636 1038 1700 sedulo
1059 1636 1161 1715 colui,
1183 1658 1323 1722 eamque

227 1736 505 1801 existimationem
535 1756 664 1801 mamm
699 1756 741 1801 ac
764 1738 950 1802 studiorum
972 1758 1048 1802 cnm
1074 1739 1110 1802 in
1144 1739 1324 1805 Provincia

226 1845 432 1916 nostratum
448 1838 549 1904 etiam
565 1837 687 1903 Romae
704 1840 871 1921 quaesisse
889 1858 943 1903 me
967 1845 1039 1904 tute
1060 1841 1136 1924 ipse
1149 1841 1247 1905 testis
1261 1862 1323 1923 es;

226 1947 265 2003 nt
275 1940 457 2003 nonmiuus
471 1940 567 2003 vohis
582 1940 730 2004 amicitia
744 1959 818 2004 mea
833 1942 1043 2023 capessenda
1058 1944 1113 2021 sit,
1127 1962 1227 2027 qnam
1240 1944 1323 2009 mihi

226 2046 337 2105 vestra
348 2040 642 2124 concupiscenda!
684 2040 874 2107 Lollianum
889 2045 1027 2124 avitum,
1042 2044 1168 2111 Africae
1182 2045 1322 2111 Procos.

225 2147 402 2225 patronum
426 2142 477 2207 illi
489 2152 525 2208 et
545 2146 689 2209 amicum
704 2145 856 2227 legimus,
867 2147 1009 2231 ejusque
1023 2148 1243 2230 epistolarum
1255 2154 1321 2212 tes·

225 2244 364 2309 timonio
372 2244 547 2329 injudicio
561 2247 685 2313 nititur.
713 2246 929 2311 Severianum
938 2247 1029 2325 item,
1044 2246 1169 2313 Africae
1181 2248 1321 2313 Procos.

224 2353 257 2411 et
273 2346 483 2411 Honorinum
507 2346 584 2429 ejus
612 2348 731 2424 tilium,
753 2346 910 2428 legatum.
952 2347 1126 2412 Strabonis
1149 2349 1321 2415 AEmiliani

224 2447 472 2511 necessitudine
486 2448 578 2513 miris
589 2448 699 2513 modis
713 2450 884 2531 gloriatur,
903 2467 1005 2533 quam
1026 2450 1216 2516 inchoatam
1230 2470 1321 2515 conr-

222 2547 346 2612 militio
361 2548 546 2613 studiorum
556 2551 613 2615 ait.
656 2550 770 2615 Testis
783 2551 836 2615 illi
850 2550 953 2615 initin
969 2551 1321 2635 curiaCarthaginien-

223 2650 308 2717 sium
323 2650 364 2715 de
380 2657 492 2717 statua
500 2651 653 2730 locanda,
663 2653 752 2736 apnd
764 2672 862 2736 quem
878 2653 993 2719 libello
1007 2657 1111 2719 misso
1121 2656 1321 2732 intercessit,

223 2760 259 2815 ut
280 2752 420 2816 celebris
433 2754 529 2817 locus
546 2753 800 2820 concederetur:
825 2756 915 2819 uude
939 2757 1048 2839 ipsius
1068 2758 1185 2821 honori
1198 2758 1320 2822 librum

223 2853 433 2935 conscripsit.
477 2851 603 2919 Praeter
628 2855 690 2920 hos
714 2857 840 2920 amicos
861 2856 978 2921 laudat
997 2858 1202 2923 Clementem
1230 2858 1320 2923 Poe·

223 2963 304 3031 tum,
333 2954 430 3037 cujus
469 2956 608 3019 extabat
635 2956 857 3023 Alexandreia
884 2960 1140 3043 pulcherrimum
1163 2980 1318 3041 carmen3

223 3055 398 3119 Saridinm
413 3055 573 3120 Severum
589 3056 762 3121 etJulinm
778 3058 932 3123 Persium
946 3081 954 3140 ;
978 3058 1210 3139 Quintianum,
1219 3063 1319 3147 cnjus

223 3156 440 3220 eruditionem
472 3162 506 3221 et
533 3158 757 3241 eloquentiam
795 3160 896 3225 valde
921 3164 1151 3242 commendat;
1182 3163 1318 3248 Appios

223 3255 313 3339 apud
324 3276 410 3340 qnos
422 3256 501 3321 (Eae
514 3257 702 3337 diverterat,
713 3268 746 3325 et
763 3259 1024 3329 Faustinnmcoi
1040 3265 1143 3329 libros
1159 3265 1200 3329 de
1216 3265 1318 3330 Mun-

221 3356 265 3421 do
293 3364 327 3423 et
358 3358 583 3441 Philosophia
606 3359 729 3425 Morali
756 3363 947 3447 inscripsit;
978 3386 1077 3449 quem
1105 3374 1317 3432 tamencum
1376 3430 1381 3435 .

221 3457 328 3522 filium
356 3468 468 3537 vocat,
499 3461 640 3526 affectus
670 3465 787 3545 potins
819 3485 918 3549 quarn
946 3468 1115 3551 sanguinis
1137 3488 1318 3551 cognomen

221 3560 450 3625 existimarim.
494 3560 706 3627 Fuit-autem
723 3566 757 3627 in
769 3565 916 3649 Apuleio
939 3567 1076 3650 elegans
1091 3570 1266 3651 ingenium,
1282 3577 1318 3635 et

219 3658 341 3721 indolis
356 3662 503 3740 gratiosa
517 3662 675 3744 quaedam
697 3663 875 3744 festivitas,
898 3669 1060 3735 doctrinae
1075 3690 1154 3735 vero
1169 3672 1316 3737 sanetas

220 3765 327 3847 tanta,
357 3765 395 3823 ut
431 3761 516 3827 inter
549 3764 722 3847 praecipua
748 3766 824 3850 ejus
845 3772 1003 3854 exempla
1028 3773 1149 3836 merito
1186 3773 1315 3837 censeri

219 3862 338 3942 possit.
369 3860 528 3927 Plurimis
544 3866 671 3930 artibus
691 3869 868 3954 plerosque
883 3873 1000 3951 imbui,
1014 3894 1053 3937 se
1073 3893 1152 3938 vero
1167 3876 1314 3939 omnium

218 3962 374 4042 peritum,
389 3964 446 4029 ait.
489 3965 713 4048 ‘Universas,'
748 3974 862 4056 inquit,
889 3973 1143 4059 ‘Philosophiae
1169 3982 1314 4041 crateras

218 4061 303 4125 hihi.
326 4062 425 4131 Canit
439 4066 660 4151 Empedocles
674 4070 839 4150 Carmina,
856 4074 956 4139 Plato
970 4075 1145 4157 Dialogos,
1156 4078 1314 4141 Socrates

220 4162 388 4250 Hymnus,
405 4168 624 4251 Epicharmus
648 4171 786 4250 Modos,
806 4174 1003 4263 Xenophon
1027 4176 1211 4257 Historias,
1235 4178 1327 4246 Xe·'·
