3000 4859
232 366 275 431 lo
641 383 799 431 ,trunam
823 382 926 433 vrrn.

232 538 322 596 certe
339 550 376 594 sc
392 531 533 615 peritum
549 534 583 591 et
593 529 779 593 studiosum
794 536 978 609 memorat3
996 529 1081 593 uude
1097 534 1133 592 et
1142 526 1330 593 Themison

233 632 390 697 Medicus
405 630 571 695 mulierem
587 632 702 694 morbo
717 632 877 695 comitiali
891 632 1083 695 infestatam
1098 630 1234 695 domum
1244 632 1330 715 ejus,

232 742 272 798 ut
287 736 480 818 inspiceret,
496 733 643 798 deduxit.
682 733 839 799 Medicus
854 736 956 816 igitur
970 735 1157 818 Apuleius3
1179 732 1241 797 sed
1256 733 1331 797 Me·

231 836 329 901 dicus
345 834 584 919 Philosophus,
600 836 657 918 qui
680 854 744 899 non
767 841 835 899 tam
858 834 1008 900 curando
1029 836 1160 912 morbo,
1176 841 1217 898 ut
1230 854 1332 900 accu-

230 942 359 1003 satores
373 936 549 1013 finxerant,
565 954 668 1021 quam
680 941 716 1001 ut
732 937 841 1002 morbi
858 955 998 1002 causam
1010 937 1197 1020 indagaret,
1211 937 1329 1002 mulie-

230 1060 297 1105 rem
315 1041 357 1106 ad
372 1060 409 1105 se
425 1039 564 1124 perduoi
579 1058 722 1121 passns3
747 1037 837 1121 quod
851 1038 924 1102 lieri
937 1036 1085 1115 solitum,
1103 1039 1138 1102 in
1152 1037 1329 1102 Commen-

229 1143 315 1207 tario
340 1142 382 1207 de
404 1140 601 1223 Disciplinis
623 1137 752 1203 Priscis
771 1140 909 1204 notabo.
952 1137 1160 1205 Obversatur
1180 1140 1265 1204 liber
1285 1140 1329 1205 de

230 1242 358 1308 Herbis
370 1242 516 1327 Apuleio
528 1241 719 1326 inscriptus,
734 1238 822 1305 salso
832 1242 910 1306 huic
920 1241 1099 1308 Platonico
1109 1236 1327 1307 Madaurensi

230 1346 443 1425 assignatus:
466 1344 527 1409 sed
542 1342 666 1408 eruditi
686 1361 858 1407 erroneum
877 1343 1040 1425 scriptum
1058 1340 1207 1425 Apuleio
1226 1341 1328 1407 Celso

230 1444 368 1511 Medico
389 1446 572 1522 vindicant,
596 1462 697 1526 quem
719 1442 917 1509 Scribonius
940 1444 1071 1527 Largus
1086 1452 1326 1529 preceptorem

229 1566 326 1612 suum
340 1548 466 1627 laudat,
482 1553 517 1614 et
532 1548 716 1612 Marcellus
736 1547 823 1611 inter
843 1545 1026 1612 Medicinae
1040 1553 1198 1611 auctores
1211 1564 1326 1611 recen·

229 1654 292 1714 set.
324 1647 527 1714 Phaedonem
544 1648 698 1713 Platonis
714 1645 894 1731 Apuleium
908 1648 1122 1713 transtulisse
1132 1666 1176 1713 ox
1190 1648 1326 1726 Graeco,

228 1748 389 1815 Sidonius
403 1748 440 1815 et
454 1750 648 1815 Priscianus
663 1747 847 1834 prodidere.
893 1750 948 1813 De
957 1750 1134 1833 republica
1147 1751 1324 1835 scripsisse

229 1850 399 1933 Fulgentii
409 1852 604 1919 testimonio
613 1858 758 1916 constat.
781 1850 1124 1935 DeNumerisipsum
1135 1851 1325 1916 Latiuedo-

228 1952 338 2017 oulsse
361 1954 586 2019 Cassiodorus
608 1960 643 2019 et
664 1953 821 2018 Isidorus
835 1952 979 2018 uadunt.
1021 1952 1207 2017 Transtulit
1223 1954 1325 2019 etiam

227 2053 429 2120 Nicomachi
444 2055 711 2133 Arithmeticam,
722 2062 818 2133 uter
832 2055 953 2121 eodem
961 2055 1170 2121 Cassiodoro
1180 2061 1324 2132 constat,

227 2158 284 2241 qui
301 2158 388 2223 etde
404 2158 540 2224 Musica
553 2158 647 2223 illum
662 2159 782 2223 Latine
797 2158 975 2240 scripsisse
990 2164 1185 2223 auctorest.
1210 2157 1324 2222 Philo·

224 2258 324 2341 logici
339 2278 416 2325 vero
431 2261 614 2343 argumenti
632 2261 881 2345 quamplurima
907 2258 1130 2343 conscripsit:
1155 2258 1325 2324 Poemata

225 2360 321 2423 varia
343 2366 377 2425 et
402 2361 563 2443 plurimas
588 2360 861 2427 Dissertatioues.
897 2360 1147 2444 Epigrammata
1160 2363 1325 2426 amatoria

224 2457 377 2525 Ausonio
392 2462 542 2541 laudata,
567 2461 707 2527 Carmen
721 2462 764 2526 de
778 2461 974 2527 Virtutibus
992 2463 1161 2546 Scipionis
1175 2461 1322 2547 Orphiti,

225 2561 382 2645 Hymnus
403 2564 602 2649 AEsoulapio
625 2564 802 2631 dedicatus
826 2566 950 2632 Graeco
972 2573 1005 2631 et
1028 2568 1148 2633 latino
1175 2587 1324 2633 sermone

225 2664 448 2748 conscriptus,
465 2666 546 2731 item
568 2668 736 2749 Dialogus
754 2668 891 2752 Hymuo
907 2669 1081 2753 praefixus,
1096 2670 1205 2755 ipsius
1227 2671 1323 2735 testi-

223 2766 338 2829 monio
363 2773 455 2830 nota.
501 2768 729 2850 Epistularum
752 2769 796 2835 ad
823 2769 999 2838 Gerelliam
1029 2772 1118 2837 idem
1147 2771 1321 2837 Ausonius

223 2866 388 2944 meminit,
408 2886 493 2949 quas
515 2869 706 2935 lascivioris
729 2875 915 2953 argumenti
938 2875 1045 2939 luisse
1069 2878 1220 2958 apparet
1265 2873 1323 2938 Li·

222 2966 318 3031 brum
342 2968 384 3032 de
407 2970 602 3035 Proverbiis
625 2973 807 3037 secundum
828 2973 947 3039 laudat
966 2973 1149 3040 Charisius.
1194 2975 1322 3041 Convi-

222 3067 317 3131 vales
327 3066 555 3147 Quaestiones,
564 3072 779 3153 plurimorum
788 3077 987 3140 auctoritate
998 3076 1110 3155 clarae,
1120 3077 1216 3160 cujus
1226 3096 1321 3160 argu·

222 3170 326 3233 monti
340 3167 473 3249 fuerint,
488 3171 642 3254 colligere
655 3172 735 3236 licet
756 3192 801 3237 ex
822 3173 1012 3254 Macrobio,
1027 3178 1085 3260 qui
1099 3177 1320 3243 Plutarchum

221 3269 370 3353 ejusdem
397 3274 580 3355 argumenti
597 3272 700 3337 libros
722 3276 898 3359 reliquisse
920 3277 1035 3343 tradit.
1080 3258 1321 3363 Quoipertrnet

222 3371 314 3453 qnod
339 3373 375 3437 in
405 3371 550 3438 Floridis
571 3375 728 3457 legimus:
760 3374 939 3459 Apuleium
962 3380 1144 3462 scripsisse
1171 3380 1319 3467 griphos.

221 3470 330 3538 Moris
345 3477 429 3540 enim
446 3476 509 3541 fuit
529 3474 657 3564 γρίφους,
678 3496 737 3541 seu
758 3478 962 3561 quaestiones
976 3481 1173 3563 ambagibus
1186 3482 1319 3549 involu-

221 3578 285 3648 tas,
300 3572 340 3635 in·
348 3576 513 3641 conviviis
528 3576 571 3640 ad
587 3577 785 3642 solvendum
795 3598 990 3664 proponere,
1001 3582 1044 3647 de
1058 3582 1183 3666 quibus
1198 3590 1320 3666 praeter

220 3670 443 3756 Hesychium,
459 3675 610 3756 Suidam,
631 3677 846 3746 Scholiasteu
862 3680 1112 3767 Aristophanis,
1129 3684 1317 3751 Athenaeus

218 3772 277 3839 lib.
295 3788 334 3837 x.
352 3794 396 3840 ex
412 3774 575 3841 clearcho
600 3786 634 3845 et
652 3780 739 3844 aliis.
784 3782 912 3849 Pollux
932 3784 1066 3848 anulare
1088 3784 1236 3868 ζητήματα
1256 3807 1317 3853 vo·

219 3880 285 3940 cat.
327 3875 474 3961 Ambigo
497 3898 538 3943 an
560 3880 635 3945 libri
658 3880 892 3963 Ludicrorum,
914 3906 1054 3970 qnorum
1076 3888 1229 3951 meminit
1243 3888 1317 3953 No-

218 3976 308 4054 nius,
324 3978 366 4042 ad
381 3979 470 4045 idem
485 4000 573 4065 opus
585 3983 758 4050 referendi.
803 3986 953 4053 Suadere
962 3990 1092 4055 videtur
1107 3990 1315 4070 Macrobius,

220 4076 279 4158 qui
303 4082 407 4143 totum
425 4080 490 4147 hoc
513 4083 679 4148 scribendi
703 4104 808 4166 genus
830 4089 995 4155 ludicrum
1016 4097 1127 4157 vocat.
1172 4090 1315 4175 Cognati

217 4176 354 4243 indubie
366 4184 559 4263 argumenti.
589 4184 630 4250 ln
645 4186 808 4252 conviviis
824 4192 1034 4274 antiquorum
1048 4193 1201 4278 frequens
1214 4196 1314 4261 urba-
