3000 4859
266 378 310 445 20
669 390 827 441 arunnu
855 388 952 438 vira.

266 535 379 613 docet,
399 535 457 599 ubi
467 534 534 607 ait:
555 536 614 599 ‘aa
628 530 807 598 cohibilius
821 537 857 597 et
872 528 1056 596 ordinatius
1071 528 1277 594 conscnbara
1291 529 1358 595 Ie·

266 638 347 715 tine,
369 642 402 701 et
422 638 456 702 in
477 638 633 702 omnibus
655 640 712 699 aut
726 635 855 699 omissa
868 632 1046 717 inquirere,
1062 634 1121 695 ant
1133 629 1262 697 delecta
1276 638 1358 715 aup-

265 739 369 821 plere,
383 756 436 802 res
448 736 663 822 paucissimis
679 734 832 817 cognitae
846 732 969 799 Graeco
983 737 1017 798 at
1035 732 1151 799 letina
1165 732 1312 815 propriis
1323 740 1359 801 at

264 838 469 921 elegantibus
490 837 665 903 vocabulis
679 833 910 912 conscribera,’
932 841 967 899 at
981 853 1056 917 qum
1078 833 1200 899 deinde
1215 852 1358 921 munn-

265 946 330 1007 tur.
373 940 452 1007 Hoc
467 940 653 1005 institutum
666 957 742 1003 cum
756 944 913 1004 accumta
926 936 1102 1019 diligentia
1117 943 1283 1010 exemtus
1301 936 1356 1015 sit,

265 1058 332 1103 non
345 1045 413 1107 tam
429 1041 593 1107 aGraecis
607 1037 780 1116 translata,
794 1056 896 1122 quam
911 1038 1047 1121 propria
1062 1041 1096 1102 ot
1109 1038 1292 1103 vernacula
1304 1038 1358 1121 ip-

267 1140 337 1206 sius
358 1141 510 1207 videntur
529 1158 605 1224 quaa
621 1138 721 1223 hujus
742 1139 924 1222 argumenti
940 1139 1087 1222 reliquit.
1131 1139 1188 1205 lta
1201 1138 1357 1205 Platonis

266 1240 400 1306 decreta
414 1242 448 1305 in
463 1239 693 1325 compendium
709 1238 830 1321 cobgit
844 1258 952 1322 eaque
970 1239 1088 1305 induta
1101 1240 1357 1323 elegantissima

266 1342 425 1407 orationis
436 1341 547 1426 specie
562 1340 691 1405 Latinis
704 1339 860 1425 prodidit,
879 1340 938 1405 illo
952 1358 1054 1425 opera
1068 1341 1159 1425 quod
1181 1346 1192 1376 ⁴
1207 1340 1250 1407 de
1265 1340 1358 1425 Dug-

265 1448 352 1507 mata
377 1441 548 1509 Platonis'
575 1442 758 1526 inscripsit.
803 1442 883 1508 Non
904 1442 1055 1525 intelligo
1084 1448 1197 1509 antem
1221 1442 1357 1509 mcum

265 1541 424 1622 libellum,
440 1564 538 1628 qnam
552 1544 713 1609 haetenus
735 1544 836 1610 titulo
856 1545 923 1609 isto
937 1544 1125 1628 vulgarunt,
1141 1543 1203 1609 sed
1217 1542 1358 1629 adiunc-

264 1646 334 1707 tum
356 1644 502 1727 oportuit
523 1643 643 1709 librum
659 1644 701 1709 da
720 1643 946 1727 Philosophia
960 1652 997 1709 at
1009 1644 1071 1731 usqi
1082 1642 1258 1732 'Epponinae
1301 1645 1359 1711 lta

265 1742 398 1809 demum
413 1744 602 1809 Platonicae
618 1743 847 1829 Philosophia
858 1764 983 1828 eorpus
993 1746 1157 1829 integrum
1166 1749 1237 1813 erit
1267 1746 1357 1826 Quae

264 1845 351 1911 ratio
365 1846 525 1930 estquod
539 1846 575 1911 in
592 1844 688 1909 libris
704 1846 856 1928 antiquis
876 1846 944 1909 dno
961 1846 1018 1912 isti
1038 1847 1167 1931 priores
1180 1847 1274 1912 nulla
1287 1847 1359 1913 dis·

265 1947 426 2013 tinctione
452 1954 657 2032 separantur.
698 1945 879 2030 Inscripsit
901 1952 1011 2012 autern
1034 1953 1140 2016 totum
1168 1950 1358 2031 hocopus,

220 2080 227 2091 ·
264 2068 331 2132 quo
353 2048 503 2115 Platonis
526 2047 663 2113 decreta
683 2048 842 2125 narravit,
868 2047 930 2113 ‘da
947 2050 1114 2133 Dogmata
1131 2049 1304 2129 Platonis:
1317 2057 1357 2117 ut

263 2147 438 2228 Alcinous,
453 2148 542 2233 apud
556 2148 698 2213 Graecos
709 2148 831 2212 similis
846 2150 1030 2231 argumenti
1039 2150 1172 2227 librum,
1181 2154 1357 2236 Εἰσαγωγῇ,

264 2255 319 2311 τῶν
343 2248 501 2339 Aquam
520 2247 684 2324 Πλάτωνος.
728 2248 807 2329 Quo
820 2269 900 2314 vero
915 2250 1028 2315 ordina
1041 2251 1116 2316 haec
1131 2251 1283 2317 Platonis
1298 2252 1355 2318 da·

264 2353 355 2414 creta
368 2352 560 2428 traditurus,
575 2352 649 2433 ipsa
661 2348 761 2415 docet
770 2349 813 2415 de
825 2351 990 2433 Dogmata
1001 2351 1166 2429 Platonis,
1174 2354 1245 2432 ubi,
1259 2363 1357 2437 post-

264 2468 362 2530 quam
384 2470 493 2533 pauca
509 2450 551 2517 da
572 2452 650 2535 ipso
673 2451 813 2516 Platone
833 2453 1007 2534 praelatus,
1027 2453 1223 2537 subjunxit:
1246 2454 1355 2534 ‘Quae

265 2557 376 2615 antam
392 2552 555 2629 consulta,
570 2570 648 2635 quae
662 2552 819 2633 dogmata
830 2552 955 2618 Graue
969 2554 1051 2618 licat
1064 2553 1145 2631 dici,
1156 2553 1200 2619 ad
1214 2556 1355 2621 ultilita·

264 2658 331 2717 tem
344 2652 524 2730 hominnm,
537 2653 744 2737 vivendique,
754 2660 789 2718 et
800 2651 1015 2737 intelligendi,
1028 2658 1062 2719 et
1075 2655 1234 2738 loquendi
1247 2657 1354 2723 ratiu-

264 2770 339 2815 nem
361 2752 525 2831 extulerit,
548 2753 624 2817 hinc
645 2754 828 2818 ordiamur.
870 2754 971 2834 Nam,
986 2758 1145 2839 qnoniam
1158 2764 1229 2822 tres
1240 2763 1354 2841 partas

264 2850 488 2935 Philosophia
504 2872 684 2936 congruere
692 2855 778 2919 inter
790 2874 826 2920 ae
841 2858 968 2939 primus
979 2858 1135 2936 obtinuit,
1144 2877 1206 2923 nos
1216 2877 1352 2943 qnoque

263 2954 441 3033 separatim
460 2953 610 3019 dicemus
634 2955 675 3019 da
698 2957 848 3039 singulis,
871 2960 1053 3026 anatnrali
1067 2958 1290 3044 Philosophia
1303 2961 1353 3025 fa·

263 3054 591 3120 cientesoxordium!
634 3056 873 3138 vulgatissima
898 3059 1127 3143 Philosophiae
1157 3060 1283 3125 divisio
1305 3080 1353 3126 ax

263 3154 425 3218 sententia
440 3154 604 3234 Plutonis,
618 3160 655 3229 εΙς
668 3162 775 3241 yorinu
787 3165 842 3221 τῶν
857 3157 949 3238 ὄντων,
964 3180 1042 3245 quoe
1056 3168 1108 3226 ast
1122 3163 1237 3241 φυσικὴ,
1251 3163 1353 3248 πρᾶξιν

262 3256 316 3313 τῶν
345 3258 451 3331 καλῶν,
481 3276 556 3339 quoe
573 3257 661 3336 litai,
684 3259 734 3321 aui
754 3265 803 3323 τοῦ
824 3259 913 3346 λόγου
935 3260 1056 3347 inopina,
1079 3282 1157 3346 quoe
1178 3264 1351 3341 διαλεκτική.

263 3352 376 3419 Primo
391 3356 491 3437 igitur
504 3358 591 3435 loco,
604 3361 676 3425 sive
690 3360 775 3428 libro
786 3364 852 3429 isto
868 3364 1095 3446 quihactanns
1108 3366 1170 3429 ‘da
1182 3365 1352 3447 Dogmata

263 3452 431 3520 Platonis’
451 3458 646 3541 inscriptus,
669 3460 712 3525 de
735 3462 957 3546 Philosophia
979 3462 1133 3529 Naturali
1147 3466 1234 3547 agit3
1255 3467 1352 3541 libro,

262 3553 319 3631 qui
344 3554 408 3621 ‘de
437 3556 680 3642 Philosophia‚’
700 3564 749 3639 τὴν
776 3563 867 3640 dissip
894 3566 1014 3630 ducat:
1036 3566 1087 3632 ita
1114 3567 1200 3631 enim
1226 3567 1353 3633 orditur

261 3650 424 3717 ‘ltloralis
447 3654 673 3742 Philosophiae
701 3663 837 3745 capnt?
860 3668 920 3729 &a
942 3666 1027 3734 libro
1047 3666 1109 3752 περὶ
1122 3668 1287 3753 Ἑρμηνιίας
1300 3672 1350 3746 τὴν

261 3754 379 3833 λογικὴν
394 3756 602 3839 complexus
625 3759 725 3827 Initio
738 3764 812 3845 ejus
822 3765 948 3830 libelli:
969 3766 1353 3853 ‘Studiumsapientiae,'

261 3853 379 3935 iuquit,
402 3857 589 3941 ‘plerisque
610 3862 740 3928 videtur
764 3873 829 3928 tres
850 3865 983 3948 specics
1006 3890 1066 3935 seu
1089 3876 1201 3953 partas
1215 3871 1348 3949 habere,

260 3950 292 4013 N
298 3956 469 4035 aturalam,
487 3957 660 4038 Moralem,
676 3971 720 4041 et,
736 3964 855 4047 deque
869 3986 957 4033 nunc
968 3969 1079 4035 dicere
1090 3974 1265 4055 proposui,
1276 3971 1349 4037 Ra-

259 4053 436 4119 tionalem?
481 4058 513 4122 N
516 4079 559 4124 on
581 4062 727 4146 intelligo
750 4072 859 4131 autem
880 4088 946 4152 quo
969 4073 1095 4137 ratione
1117 4073 1211 4137 solus
1236 4072 1348 4137 illeli-

261 4152 365 4215 bollus
389 4156 450 4220 ‘de
474 4160 639 4241 Dogmata
663 4163 834 4229 Platonis'
854 4168 991 4235 inscribi
1006 4170 1132 4249 debeat,
1147 4192 1215 4256 quo
1233 4172 1347 4239 Philo·
