3000 4859
438 372 669 455 nmrruusrs
695 378 743 427 nr
766 367 940 433 aruntio.
1186 375 1231 439 at

410 514 601 583 Fridericus
616 518 658 583 de
674 517 727 584 Re
741 518 975 607 Accipitraria.
1107 592 1115 614 Ι

187 625 341 693 Palicani
356 631 415 713 qui
430 633 473 696 ah
487 631 633 717 Apuleio
647 635 804 703 (licuntur
813 640 934 706 cotani.

433 793 474 859 P.
489 794 659 863 Blesensis
673 793 784 881 Epist.
801 802 952 867 mxxxv.

186 924 318 1004 cicero,
332 935 369 991 et
383 924 561 1011 Apuleius,
572 936 608 993 et
629 927 853 1013 Augustinus,
874 940 910 1001 et
922 904 1147 1020 Hieronymus
1156 888 1229 1008 tes·

144 1031 253 1094 tantur
266 1029 344 1112 plus
358 1046 434 1093 esse
447 1030 589 1095 animam
601 1048 700 1114 quam
713 1050 846 1116 corpus.

561 1265 813 1303 Q

455 1462 728 1525 sacrariorum
753 1473 920 1538 aurouon

288 1636 355 1717 hu
376 1650 587 1719 inunum
609 1640 828 1734 musone
849 1657 1086 1728 ornemus

543 1824 833 1918 romeis.

157 2027 396 2099 volaterranus
408 2032 628 2200 Autlrologia,¹
636 2038 695 2121 qui
710 2044 764 2103 est
784 2036 970 2103 comment.
993 2029 1214 2114 Urbanorum,

629 2136 675 2201 ih.
691 2152 778 2199 xrrr.

146 2261 290 2333 Luctus
317 2266 515 2333 Anninus
539 2268 768 2353 Philosophus
796 2266 993 2333 Platonicus
1014 2287 1034 2331 e
1053 2266 1230 2347 Mastaura,

144 2367 271 2434 Amce
293 2368 576 2452 oppido,·patrem
591 2367 709 2433 habuit
722 2366 904 2446 Theseum,
918 2372 1057 2433 matrem
1072 2363 1231 2450 Saluiam,

144 2476 181 2535 ut
199 2470 345 2553 ipsemet
358 2470 394 2532 iu
403 2469 717 2553 -Metamorphoseos
733 2469 827 2533 libris
841 2474 994 2534 testatur.
1037 2467 1177 2535 Athenis
1190 2473 1231 2537 li·

143 2570 273 2634 berales
282 2574 372 2633 artes
384 2574 572 2645 assecutae,
582 2567 739 2632 Platonis
752 2568 890 2633 decreta
899 2570 965 2632 sihi
974 2572 1151 2652 proposuit
1158 2578 1233 2638 ante

143 2672 254 2735 omnia
268 2668 438 2734 secunda.
475 2668 666 2751 Omnigenae
678 2669 729 2732 vir
737 2669 951 2751 eloquentiae,
963 2674 997 2733 et
1010 2668 1173 2733 diversam
1188 2674 1232 2737 ab

144 2771 292 2855 antiquis
314 2768 488 2850 ingressus
508 2771 611 2847 riam,
626 2788 748 2835 novum
767 2768 898 2834 dicendi
925 2784 1028 2851 genus
1059 2772 1231 2836 assumsit.

144 2869 184 2934 ln
197 2868 313 2935 uerbis
326 2871 411 2933 enim
420 2888 541 2948 novus,
549 2870 584 2933 in
594 2870 765 2935 sententiis
776 2871 902 2949 creber,
912 2870 948 2933 iu
958 2869 1232 2936 translationibus

142 2971 267 3048 audax,
280 2970 316 3033 in
332 2970 516 3035 inventione
538 2975 668 3050 acutus,
691 2972 726 3034 in
746 2970 933 3034 elocutione
946 2972 1069 3049 varios,
1082 2975 1120 3034 ut
1133 2972 1167 3034 in
1181 2973 1233 3055 ip-

143 3073 216 3135 sius
247 3070 407 3154 operibus
429 3068 510 3135 iicet
537 3069 790 3154 deprehendere.
832 3070 921 3135 Nam
948 3071 1052 3134 libros
1080 3069 1233 3136 undecim

144 3169 1112 3255 MetamorphoseosseripsitdeAsinoAureo,Lucianum
1123 3170 1232 3237 imita-

144 3270 199 3338 'tus
214 3270 421 3356 Sophistem,
434 3274 493 3335 ise.
848 3269 867 3310 ’ὅ

229 3452 370 3537 Gaspar
384 3452 546 3517 Barthius
559 3450 836 3517 Adversariorurn
847 3434 909 3514 lib.
925 3464 1011 3513 xix.
1027 3466 1104 3534 cap.
1116 3448 1169 3513 lo.

184 3590 301 3684 Quem
326 3602 520 3686 scriptorem
548 3602 692 3665 omnium
718 3599 818 3664 nobis
845 3599 993 3663 maxime
1015 3594 1152 3662 fecimus
1174 3593 1217 3663 ob

142 3708 283 3770 noxium
297 3724 306 3785 ;
319 3702 392 3786 ejus
402 3711 597 3788 perpetuam
610 3700 864 3766 illustrationem
878 3697 956 3763 ideo
970 3698 1015 3763 ad
1030 3707 1161 3782 tempus
1176 3697 1232 3762 de·

143 3808 321 3883 sumimus,
341 3824 383 3868 ne
408 3824 490 3870 cura
507 3801 568 3869 illa
586 3803 670 3867 alias
693 3799 790 3865 uobis
811 3818 948 3884 prorsus
962 3798 1233 3880 interstingueret,

141 3910 201 3971 &a
238 3906 443 3989 Scriptorem
453 3924 514 3969 nos
524 3904 619 3987 loqui
635 3901 905 3977 eruditissimum,
919 3897 1233 3980 ingeniosissimum,

143 4006 452 4090 eloquentissimum
475 4006 514 4069 1„
538 4003 719 4087 Apuleium
737 4008 857 4065 norunt
876 4000 1015 4063 fortusse
1028 3996 1087 4080 qui
1100 4001 1232 4063 nostras

143 4122 241 4172 omas
253 4108 413 4172 hacteuus
428 4098 650 4191 promulgatas
663 4118 729 4170 uon
745 4100 973 4178 fastidierunt,
986 4101 1045 4163 &a
