3000 4859
250 362 295 429 18
653 376 809 427 crucan
833 376 935 425 vrrs.

253 520 283 587 si
294 520 405 589 eutis
420 524 478 587 aut
492 540 653 587 annornm
667 540 767 588 censu
779 523 971 588 aestimetur.
995 519 1087 586 Nam
1100 522 1207 605 prima
1219 521 1343 589 ioetura

251 624 421 689 excidisse
436 622 583 708 Apuleio
602 624 730 707 liquido
744 624 969 705 dignoscimus
984 642 1029 686 err
1043 624 1132 706 ipso,
1148 623 1344 707 quodcum

250 724 335 789 alias
357 726 489 808 gloriari
511 725 620 789 soleat
636 725 678 788 dc
695 727 870 789 verborum
888 725 1104 808 proprietate,
1118 726 1214 789 initio
1227 727 1343 790 horum

250 824 410 891 librorum
429 828 560 891 veniam
579 826 740 910 praetatus
761 827 825 890 sit:
848 827 899 889 ‘si
914 824 994 908 quid
1009 826 1134 890 exotici
1147 845 1188 889 ac
1203 826 1343 893 sorensis

250 929 413 992 sermonis
438 928 530 991 rudis
550 927 681 992 locutor
701 925 912 1005 offenderet3'
933 932 1093 1009 tanquam
1114 928 1156 1004 si,
1178 946 1297 991 recens
1319 947 1342 992 a

249 1027 360 1091 studio
374 1026 450 1105 fori,
466 1028 543 1092 huic
560 1025 766 1093 meditationi
783 1046 821 1091 se
834 1026 1043 1091 tradidisset.
1086 1026 1177 1091 Nam
1196 1028 1340 1110 primunr

249 1126 324 1209 ejus
338 1128 536 1205 tirocinium,
550 1134 729 1211 postquam
746 1126 867 1193 Latine
883 1126 1067 1205 didicisset,
1079 1127 1112 1192 in
1122 1130 1233 1193 causis
1243 1147 1342 1210 agen-

249 1229 315 1309 dis,
329 1235 362 1296 et
373 1232 511 1313 primum
525 1231 588 1295 hoc
602 1248 688 1315 opus
701 1230 821 1294 Latine
830 1230 999 1311 vulgasse,
1010 1230 1111 1293 etiam
1120 1228 1341 1312 illaprodunt,

248 1329 735 1415 quaesubnectiteodemloco:
761 1329 1064 1413 ‘Hoecipsavocis
1074 1329 1342 1407 immutatio,de·

248 1432 395 1497 saltariae
411 1432 561 1497 scientim
574 1431 677 1515 stylo,
690 1449 787 1513 quem
802 1430 1014 1507 arcessimus,
1030 1428 1229 1512 respondet!
1251 1427 1341 1508 Quae

248 1532 336 1595 enim
346 1532 406 1595 illa
418 1533 512 1597 vocis
527 1532 721 1608 immutatio,
736 1530 802 1593 nisi
817 1528 907 1613 quod
922 1528 1077 1593 Graecum
1091 1548 1275 1593 sermonem
1288 1529 1341 1594 fa·

247 1634 408 1699 mitiorem
424 1640 459 1698 et
480 1638 674 1699 consuetum
690 1637 841 1709 mutaret,
855 1637 887 1695 et
904 1631 976 1714 jam
996 1631 1114 1695 Latine
1133 1631 1278 1695 scribere
1291 1628 1342 1693 in·

249 1736 423 1801 stitueret'l
468 1733 524 1798 Illi
540 1733 855 1815 Metamorphoseon
864 1731 941 1797 libri
952 1730 1067 1795 ludicri
1083 1732 1194 1814 plane,
1209 1738 1244 1795 et
1256 1729 1340 1794 varii

248 1835 451 1917 argumenti:
473 1833 646 1917 inquibus
669 1842 784 1897 tamen
804 1851 871 1897 non
893 1832 1018 1895 deserit
1038 1832 1237 1909 institutum,
1259 1836 1297 1894 ut
1318 1847 1341 1894 a

247 1935 379 2001 Graecis
394 1934 536 2017 accepte
550 1933 670 1998 Latine
683 1934 807 1999 tradat.
835 1932 971 1997 Infinita
984 1932 1121 2016 quidem
1134 1932 1175 1997 de
1187 1951 1250 1996 suo
1259 1931 1340 1995 mis·

247 2044 313 2115 cet,
328 2042 462 2102 secutus
476 2043 587 2101 tumen
603 2037 745 2118 vestigia
759 2035 913 2112 Luciam,
929 2036 989 2118 qui
1014 2033 1085 2098 iere
1107 2031 1209 2099 simili
1229 2031 1340 2097 fictio-

246 2156 288 2203 ne
312 2136 428 2201 Arduus
449 2138 521 2201 sire
537 2138 620 2200 ὀνοο
635 2136 783 2220 scripsit.
828 2136 1009 2201 Rationem
1022 2132 1250 2217 inscriptionis
1263 2133 1339 2215 ipse

246 2236 413 2322 Apuleius
427 2238 573 2303 reddidit
587 2238 682 2303 initio
696 2239 756 2302 lib.
768 2255 794 2301 ι.
830 2242 841 2272 ‘
854 2237 994 2319 Figurae
1005 2236 1224 2318 fortunasque
1233 2233 1339 2297 homi-

245 2358 323 2403 num
344 2340 380 2402 in
401 2338 488 2401 alias
508 2338 670 2419 imagines
693 2354 884 2413 conversas,
907 2341 943 2400 et
962 2336 998 2399 in
1019 2354 1055 2399 se
1076 2354 1204 2399 rursum
1221 2344 1336 2399 mutuo

245 2456 336 2501 nexu
350 2437 492 2503 relectas
507 2436 562 2500 hic
578 2436 736 2502 exordior
745 2437 764 2501 ε’
785 2444 823 2501 et
843 2435 954 2520 potior
967 2456 1048 2501 sane
1062 2436 1243 2519 argumenti
1257 2455 1337 2518 pars

246 2538 434 2620 suiipsius
459 2539 703 2602 transmutatio.
748 2536 851 2601 Hunc
880 2537 998 2621 itaque
1026 2538 1157 2603 titulum
1180 2538 1338 2620 imposuit

246 2637 381 2715 Auctor,
406 2658 504 2722 quem
530 2638 638 2702 sclurn
653 2636 790 2720 antiqua
803 2636 1012 2721 exemplaria
1026 2638 1220 2720 praeierunt:
1242 2637 1337 2701 illum

246 2722 324 2803 ‘vero
337 2736 375 2801 de
390 2737 487 2801 Asino
501 2758 593 2800 aureo
608 2737 666 2802 alii
682 2738 888 2803 affinxerunt
940 2738 977 2802 Si
993 2740 1081 2803 enim
1096 2738 1140 2803 ad
1154 2738 1337 2819 argumenti

244 2838 402 2901 indicium
426 2836 569 2920 adjicere
591 2837 718 2921 aliquid
740 2840 913 2915 voluisset,
928 2840 1114 2904 imitatione
1130 2840 1284 2916 Luciani,
1298 2836 1338 2900 de

247 2938 346 3001 Ariuo
359 2937 513 3017 sortasse,
529 2960 695 3023 nunquam
713 2962 793 3007 vcro
810 2940 848 3004 de
866 2940 965 3005 Asino
987 2962 1080 3006 aureo
1102 2942 1337 3025 inscripsisset.

245 3038 301 3103 Ita
316 3036 491 3104 Ciceronis
502 3040 694 3122 Dialogum,
706 3061 806 3124 quem
819 3040 956 3106 Brutum
970 3044 1168 3127 appellarat,
1180 3043 1243 3107 sub
1256 3043 1337 3108 titu-

243 3140 279 3203 lo
293 3136 330 3201 de
353 3136 457 3201 Cirris
474 3138 658 3202 Oratoribus
672 3148 911 3223 exposuerunt.
955 3142 1046 3207 ldem
1062 3143 1095 3205 in
1109 3144 1185 3207 aliis
1199 3140 1337 3207 Cicero·

243 3238 295 3300 nis
318 3237 412 3301 libris
432 3246 468 3303 et
492 3238 647 3303 Platonis
675 3240 830 3323 Dialogis
848 3242 1024 3307 observare
1040 3241 1138 3307 licet:
1160 3261 1227 3325 qua
1240 3249 1335 3326 parte

243 3337 370 3421 saepius
392 3345 533 3403 erratum
556 3340 589 3403 in
611 3338 755 3404 Ausonii
776 3341 980 3425 aliorumque
1002 3361 1140 3425 operum
1157 3344 1334 3410 lemmatis.

242 3436 355 3503 Velim
370 3447 482 3504 autem
496 3439 609 3504 doceri
625 3459 670 3504 ex
691 3441 766 3526 ipso
780 3440 919 3525 Apuleii
933 3461 1044 3525 opere,
1059 3461 1136 3524 qum
1151 3443 1238 3508 ratio
1254 3460 1335 3507 sua·

244 3536 321 3601 dere
336 3541 514 3620 potuisset,
527 3546 566 3602 ut
580 3538 616 3602 de
633 3539 730 3602 Au‘uo
744 3561 838 3603 uureo
848 3542 1042 3608 inscriberet
1054 3564 1062 3607 r
1086 3542 1187 3608 velim
1200 3544 1334 3607 ostendi

243 3655 311 3718 quo
320 3639 474 3721 proxime
485 3648 679 3719 argumente
692 3641 755 3705 hoc
768 3642 880 3724 colligi
894 3643 1015 3724 possit.
1034 3642 1083 3707 At
1093 3642 1285 3726 Augustino
1298 3653 1335 3709 et

242 3734 319 3799 aliis
332 3737 394 3801 hoc
408 3737 517 3801 indice
527 3738 713 3803 laudantur.
745 3739 831 3819 Quis
842 3744 998 3824 negabit?
1021 3743 1093 3820 scd,
1108 3750 1146 3809 ut
1157 3753 1257 3809 notos
1272 3765 1334 3810 an-

241 3835 342 3919 tiquis
353 3836 418 3901 lroc
433 3838 529 3901 titulo
545 3842 778 3920 concesserim,
788 3843 838 3908 ita
850 3845 893 3907 ab
907 3843 1053 3926 Apuleio
1065 3843 1129 3909 hac
1144 3846 1332 3930 inscriptio-

242 3955 283 3999 ne
298 3936 453 4019 vulgatos
470 3956 536 4001 non
549 3939 583 4004 tit
598 3941 787 4008 verisimile.
820 3942 911 4019 Quia
923 3963 1000 4009 vero
1015 3946 1077 4009 hoc
1090 3965 1177 4029 opus
1191 3946 1332 4031 placuit,

243 4036 313 4099 sive
338 4037 382 4099 ob
411 4038 553 4119 figmenti
578 4038 791 4106 festivitatem
812 4049 846 4107 et
867 4043 1011 4128 leporem
1034 4045 1234 4125 fabularum,
1257 4050 1331 4112 sivo

243 4134 344 4198 aliam
360 4140 512 4218 quamvis
526 4142 568 4203 ob
588 4160 737 4220 causam,
752 4144 895 4210 obtinuit
908 4150 947 4211 ut
960 4145 996 4208 de
1018 4144 1115 4211 Asiuo
1128 4168 1223 4212 curso
1238 4144 1330 4214 dice·
