3000 4859
218 422 240 488 o
662 430 871 483 rnmrsrro.

220 579 428 647 umbraculis
450 578 652 648 eruditorum
673 579 826 663 legenda,
851 578 910 642 sed
933 577 967 641 in
983 574 1045 642 fori
1067 578 1143 643 lnce
1165 574 1319 642 habenda

221 688 320 759 esset,
336 689 403 747 tam
419 699 546 747 vacuus
560 689 613 745 est
631 681 685 744 his
707 680 843 763 ineptlis
862 678 1088 756 scholasticis,
1103 688 1139 745 ut
1153 679 1227 763 ejus
1241 698 1319 744 orae

221 784 303 849 tioui
326 784 419 861 nihil,
446 791 505 847 aut
526 788 614 847 certe
636 802 702 847 non
724 783 865 846 multum
886 781 929 846 ad
952 800 1116 846 summam
1139 782 1318 846 sanitatem

221 887 342 950 deesse
359 884 518 949 videatur.
562 883 618 949 Ad
641 903 736 967 quem
750 883 888 947 modum
904 884 933 946 si
948 888 1078 947 ceteros
1092 884 1195 946 libros
1210 882 1318 965 scrip·

221 987 330 1063 sisset,
352 1004 438 1063 eum,
465 986 538 1049 sine
559 984 632 1049 ulla
652 984 859 1067 exceptione,
876 1002 952 1048 cum
970 983 1110 1049 Murato
1126 984 1208 1049 Var.
1223 983 1318 1048 Lect.

223 1102 320 1150 xvrr.
344 1085 396 1150 19.
419 1085 599 1149 ‘eruditum
615 1085 769 1167 inprimis
784 1091 818 1148 et
833 1090 1006 1149 venustum
1022 1083 1235 1169 scriptorem’
1259 1104 1319 1149 vo·

222 1204 344 1250 carem.
387 1186 464 1251 Jam
495 1187 635 1269 scriptor
656 1192 723 1249 tam
744 1184 903 1263 eruditus,
925 1204 965 1250 ac
988 1192 1099 1251 tantus
1124 1184 1320 1250 eruditionis

223 1292 418 1365 ostentator,
432 1307 507 1353 cum
517 1308 585 1353 non
594 1308 699 1353 unum
710 1288 752 1351 de
763 1287 894 1365 multis,
903 1287 964 1351 sed
974 1287 1073 1367 longe
1085 1288 1318 1352 doctissimum

222 1390 433 1473 interpretem
455 1390 647 1473 postularet,
669 1391 768 1454 bonis
782 1390 904 1464 auibus
918 1388 1050 1467 accidit,
1064 1396 1102 1455 ut
1118 1388 1319 1453 Franciscus

224 1488 479 1575 Oudendorpius
500 1492 666 1573 ingenium
683 1499 719 1555 et
740 1490 921 1555 doctrinam
943 1510 1039 1556 suam
1062 1491 1105 1555 ad
1127 1510 1201 1554 eum
1226 1488 1320 1553 illus·

225 1592 378 1656 trandum
410 1593 713 1677 expellendumque
748 1593 917 1658 conterret.
973 1592 1057 1658 Erat
1080 1594 1137 1657 ille
1165 1592 1320 1656 omnibus

224 1694 404 1777 praesidiis,
419 1693 462 1757 ad
485 1713 555 1758 rem
577 1696 662 1759 bene
678 1693 851 1777 gerendam
866 1694 1077 1772 necessariis,
1092 1695 1275 1758 instructus
1287 1700 1321 1759 et

226 1802 380 1879 paratus;
401 1795 573 1878 exquisita
585 1796 780 1859 Latinitatis
790 1796 957 1860 universae
970 1795 1122 1872 scientia,
1134 1794 1320 1859 eruditione

226 1902 381 1961 accurata
395 1900 430 1961 et
444 1896 627 1974 recondita,
642 1916 717 1980 quae
731 1916 798 1961 non
813 1897 856 1961 de
872 1896 1002 1962 Latinis
1015 1903 1142 1963 tautum
1157 1896 1320 1975 tontibus,

228 1996 301 2074 sed,
323 2003 360 2061 ut
382 1996 553 2061 Perizonii
575 1997 783 2081 discipulum
806 2016 983 2080 agnoscas,
1008 2000 1112 2063 etiam
1130 1999 1173 2063 de
1192 1998 1323 2064 Graccis

226 2104 317 2162 esset
330 2098 490 2176 derivata,
506 2117 637 2181 summa
659 2100 859 2182 scriptorum
875 2119 1140 2184 excusorumqne
1159 2101 1322 2165 librorum

220 2201 337 2283 copia,
366 2220 429 2264 usu
452 2201 592 2284 denique
621 2202 737 2265 horum
760 2203 1048 2268 instrumentorum
1074 2204 1248 2286 totiusque
1274 2203 1323 2266 rei
1361 2266 1369 2278 ,

224 2302 349 2366 criticae
362 2308 472 2379 tanto,
489 2306 635 2384 quantus
657 2302 800 2383 intelligi
819 2304 998 2369 maximus
1009 2312 1123 2388 potest
1137 2306 1171 2369 iu
1186 2323 1322 2370 accura-

220 2403 359 2468 tissimo
374 2408 587 2467 totveterum
602 2404 802 2486 scriptorum
824 2404 970 2470 Editore.
1014 2406 1168 2489 Triginta
1191 2407 1324 2473 circiter

227 2522 334 2569 annos
348 2504 382 2567 in
397 2502 546 2588 Apuleio
560 2505 766 2571 emendando
779 2516 933 2572 versatus
948 2515 1012 2585 est,
1026 2527 1086 2572 uec
1096 2513 1205 2573 tamen
1219 2527 1321 2592 opera

227 2605 417 2683 continenti,
433 2604 494 2670 sed
509 2607 689 2690 aliquoties
699 2627 760 2690 per
775 2608 863 2673 alias
874 2627 982 2688 curas,
997 2610 1148 2693 inprimis
1163 2629 1225 2693 per
1237 2609 1322 2675 Sue·

226 2706 310 2769 tonii
325 2705 523 2785 Editionem,
538 2708 757 2793 interpellata.
801 2710 855 2775 Ac
870 2711 1038 2794 potuisset
1054 2712 1130 2793 ipse
1145 2730 1231 2797 opus
1244 2732 1322 2795 pro·

226 2804 315 2884 dere,
329 2814 365 2872 et
373 2808 471 2872 vivus
484 2808 591 2890 gloria
603 2829 666 2875 sua
679 2810 756 2889 frui,
770 2812 837 2876 nisi
851 2812 987 2890 librarii,
1002 2811 1204 2891 dubitantes,
1220 2833 1262 2877 an
1277 2832 1323 2878 ex

226 2902 375 2989 Apuleio
392 2914 461 2971 tam
474 2910 596 2990 pingue
611 2917 645 2975 et
658 2919 811 2996 paratum
827 2913 958 2977 lucrum
968 2917 1140 2978 venturum
1153 2914 1211 2991 sit,
1221 2934 1323 2999 quarn

227 3028 272 3072 ex
286 3007 363 3072 aliis
377 3010 611 3092 scriptoribus,
626 3013 684 3096 qui
707 3014 857 3096 quotidie
880 3017 916 3079 in
942 3015 1067 3081 scholis
1082 3024 1239 3094 teruntur,
1253 3038 1325 3081 rem

225 3110 467 3191 tergiversando
481 3112 516 3174 in
530 3110 664 3195 longum
681 3114 869 3178 traxissent.
892 3114 947 3179 lta
962 3136 1039 3180 eum
1054 3116 1220 3199 Apuleius
1231 3138 1323 3183 com-

226 3210 339 3294 plures
355 3230 461 3276 annos
475 3212 510 3275 iu
530 3215 663 3279 scriniis
678 3216 853 3298 jacuisset,
869 3236 933 3298 ego
952 3218 1213 3300 bibliopolarum
1228 3221 1323 3285 sasti-

227 3310 329 3389 dium,
345 3313 435 3396 qued
450 3333 511 3378 nos
524 3320 593 3380 tam
604 3319 778 3399 praestanti
792 3318 959 3383 interioris
970 3319 1132 3384 doetriuae
1142 3322 1325 3387 monimen-

225 3419 261 3478 to
276 3416 431 3498 privaret,
446 3435 514 3481 non
529 3418 655 3484 diutius
670 3419 840 3484 ferendum
854 3429 955 3498 ratus,
971 3422 1054 3503 petii
1069 3423 1292 3506 contendiqne
1302 3445 1324 3490 a

121 3592 125 3601 Ι
226 3514 400 3598 Theologo
415 3537 516 3601 supra
529 3520 697 3601 vulgarem
712 3521 847 3585 modum
860 3521 1002 3600 erudito,
1017 3520 1174 3589 Cornelio
1190 3522 1324 3590 Ouden-

227 3614 357 3699 dorpio,
373 3616 545 3684 Francisci
560 3620 646 3700 filio,
661 3630 701 3685 ut
720 3622 801 3686 mihi
819 3622 1015 3689 facultatem
1030 3625 1122 3689 daret
1136 3624 1274 3709 Apuleii
1290 3629 1325 3693 in

227 3715 336 3782 lucem
356 3719 552 3801 proferendi.
597 3720 678 3801 Qui,
699 3732 836 3806 quaest
856 3725 1059 3791 humanitate
1081 3734 1116 3791 et
1137 3727 1253 3793 literas
1268 3729 1325 3813 ju-

228 3817 329 3881 vandi
351 3819 473 3897 studio,
493 3820 591 3887 facile
612 3826 738 3907 petenti
753 3826 887 3890 veniam
906 3826 1010 3891 dedit.
1054 3828 1098 3892 Et
1111 3847 1203 3907 eece,
1217 3832 1326 3914 reperi

227 3916 397 3983 librarium
421 3920 509 3985 votis
529 3924 613 3988 meis
637 3924 800 3991 hactenus
823 3933 1033 4005 annuentem,
1048 3936 1086 3993 ut
1099 3932 1273 4014 reciperet,
1288 3954 1326 4000 se

228 4019 436 4101 praecipuum
457 4018 593 4105 Apuleii
615 4044 711 4108 opus,
728 4025 1026 4110 Metamorphosin,
1051 4032 1163 4095 statim
1179 4053 1326 4101 excusu-

228 4136 311 4197 rum,
327 4121 472 4204 reliquos
485 4122 600 4202 libros,
618 4127 765 4205 Florida,
774 4126 992 4210 Apologiam,
1005 4128 1250 4217 Philosopbica
1262 4136 1324 4201 ad-

230 4220 385 4301 diturum,
415 4224 445 4289 si
476 4224 760 4312 Metamorphosis
788 4230 928 4314 cupidos
956 4238 1099 4297 emtores
1129 4237 1322 4307 invenisset.
