3000 4859
461 335 820 385 nn'rnnonerrosnon
847 338 919 386 are.
943 339 992 386 tv.
1207 324 1274 393 257

175 488 234 543 'ero
248 484 358 543 vestro
373 484 572 563 praepsrnta.
617 480 657 543 In
681 480 744 545 fine
759 484 925 548 sermonis
939 483 1052 566 hujus,
1068 485 1179 550 statim
1196 502 1272 551 sese
1296 506 1302 515 ·

177 578 383 645 devestirent:
407 578 604 662 nudatique,
628 588 663 645 et
683 580 827 647 flammeo
841 584 1036 665 largissima
1051 592 1203 669 vapore²
1222 608 1274 652 re·

178 682 291 759 creati,
305 682 480 765 calidaque
493 690 504 729 ¹
519 682 658 767 pertusi,
667 692 702 749 et
711 685 789 750 oleo
802 689 966 769 peruncti,
977 707 1113 751 mensas
1127 687 1274 772 dapibus

176 783 312 865 largiter
339 785 520 850 instructas
549 790 762 853 accumbunt.
805 788 1025 855 Commodum
1052 790 1276 856 cubueruntzt

178 888 215 949 et
234 904 313 949 ecce
336 886 471 968 qnidam
493 888 588 970 longe
610 888 722 971 plures
744 908 883 955 nurnero
906 890 1051 973 juvenes
1075 891 1274 957 adveniuntt

180 986 250 1064 alii,
288 1008 375 1070 quos
414 989 665 1055 incunctanter⁶
698 991 841 1074 adaeque
870 993 1040 1057 lutronee⁷
1068 994 1274 1058 arbitrarere.

180 1089 269 1155 Nnnr
285 1096 320 1155 et
335 1090 423 1173 ipsi⁸
447 1091 583 1174 praedas
598 1110 771 1157 aureorum
786 1100 1104 1182 argenteorumquo⁹
1125 1114 1274 1159 nnnrrno·

178 1210 262 1268 rum,
294 1210 335 1255 ac
365 1193 587 1270 vasculorum,
615 1194 788 1275 vestisque
810 1195 928 1259 sericae
960 1201 995 1258 et
1019 1196 1180 1259 intextas'
1207 1196 1275 1260 tilis

179 1288 314 1357 aureis*
329 1292 536 1359 invehebant.
583 1294 644 1371 Hi,
659 1294 764 1359 simili
779 1295 915 1360 lavaero
929 1294 1053 1373 refoti,²
1069 1296 1153 1359 inter
1166 1303 1275 1360 toros³

180 1393 363 1459 sociorum¹
386 1414 460 1461 sese
481 1402 665 1479 reponunt:
695 1402 806 1475 tunc,⁴
826 1402 915 1462 sorte
932 1395 1037 1473 ducti,
1060 1396 1275 1462 ministerium

180 1594 257 1645 dinem
265 1602 352 1659 persto
363 1600 441 1647 uestro
452 1596 567 1647 subituris
580 1596 668 1647 tuno.
702 1594 752 1646 llic
760 1598 841 1661 dictis,
847 1605 936 1648 enmt
943 1602 1084 1662 erepcnte:
1100 1597 1277 1662 despoliatione,

180 1664 203 1707 ct
214 1661 285 1721 refoti
301 1664 378 1711 colors
396 1661 462 1722 ignis
477 1662 663 1719 luculentissimi,
674 1663 820 1726 nepotique
831 1678 893 1725 equa
911 1664 996 1723 calido,
1006 1668 1030 1712 ct
1045 1663 1128 1726 perliti
1143 1664 1200 1723 olco,
1210 1677 1278 1712 occu·

180 1724 235 1774 lenc
247 1728 278 1777 ud
297 1740 388 1774 rncnrus
402 1731 512 1773 oneratos
529 1740 615 1786 ntognu
630 1728 696 1789 cepio
706 1726 819 1776 ciderunt.
856 1728 905 1776 Vix
914 1728 1088 1789 discubuerunt,
1103 1743 1155 1776 carn
1172 1728 1217 1775 ulit
1227 1728 1279 1789 qai·

181 1789 335 1849 dominentur
345 1789 473 1838 adveniunt
488 1790 562 1837 multo
573 1789 660 1851 majore
676 1806 779 1850 numne,
789 1804 845 1855 quos
856 1796 883 1839 ta
901 1791 1099 1851 stutincrcdercs
1109 1806 1158 1840 csse
1166 1792 1277 1840 sirnilitcr

177 1856 307 1915 pronon.
343 1854 393 1918 Ipsi
403 1854 465 1903 eninr
475 1854 630 1916 nppcrtninrrt
641 1870 727 1918 quoqne
736 1856 820 1917 spolie
829 1870 934 1903 semotos
943 1856 1032 1904 adticct
1043 1869 1128 1904 eureos
1144 1861 1277 1915 argenteor-

181 1932 272 1979 qne,nc
289 1933 356 1979 usse,
375 1924 506 1981 senemque
521 1920 620 1968 ericam
632 1925 655 1967 ct
672 1920 791 1969 intentent
809 1920 872 1969 liciis
889 1920 975 1968 meis.
1009 1918 1047 1968 Hi
1062 1917 1147 1976 refecti
1163 1918 1279 1967 muniti

182 1982 262 2033 balneo
276 1982 354 2032 muer
368 1998 393 2031 sc
409 1984 472 2032 inter
485 1982 556 2031 lectus
570 1998 665 2035 mmm
680 1984 811 2034 sociorum:
827 1999 884 2035 stoc:
898 1983 973 2047 ntiqui
990 1989 1054 2032 sortc
1068 1984 1124 2033 lecti
1140 1982 1278 2031 ministrant

182 2194 202 2243 l’.
216 2206 263 2255 pro
274 2192 350 2241 solide
361 2204 431 2255 ιιιμιιι,
443 2196 473 2238 ut
485 2198 605 2241 oneretur
616 2188 641 2237 in
653 2188 845 2251 n'orriltitns,
856 2189 901 2237 sed
911 2188 1007 2252 absque
1016 2185 1181 2238 necessitate.
1206 2186 1280 2248 Mon,

183 2260 191 2285 ⁸
204 2256 340 2319 calidoque
358 2254 477 2319 perfusi!
510 2256 577 2303 Vide
590 2254 621 2303 ad
633 2255 677 2304 lib.
690 2268 720 2303 rr.
739 2268 798 2317 pag.
811 2258 852 2302 st.
863 2258 905 2303 so.
939 2254 1002 2301 Mox
1013 2259 1090 2302 uestro
1102 2253 1175 2302 seen
1187 2267 1203 2300 u
1213 2251 1277 2301 Coll.

182 2320 257 2369 Voss.
274 2320 362 2369 tet-e
378 2319 410 2369 'ri
427 2333 512 2383 oopors
531 2319 606 2368 short
622 2334 638 2368 s
656 2318 773 2368 Bertino.
793 2319 902 2367 ΕΙιιιιιΙι.
935 2318 1022 2366 Minus
1043 2325 1124 2381 recte,
1137 2322 1166 2366 ut
1176 2316 1278 2379 opinor.

182 2386 240 2435 Nec
251 2386 317 2433 eninr
331 2388 442 2447 pertinet
454 2386 502 2431 hoc
515 2382 546 2432 ad
557 2384 627 2432 illurn
648 2384 769 2446 Ellipsin,
789 2382 822 2430 de
841 2397 892 2467 ‹pra
908 2396 993 2444 snpra,
1010 2382 1108 2431 ‘animi
1129 2380 1281 2443 recreetus,'

183 2450 224 2499 vel
237 2448 303 2497 inira
323 2450 368 2497 lib.
385 2462 446 2498 vtu.
465 2450 522 2498 init.
539 2452 546 2476 ⁴
561 2461 659 2496 merom
677 2448 844 2509 improbatos.
889 2446 987 2509 Hygin.
1001 2445 1046 2494 lib.
1057 2461 1089 2496 ιι.
1100 2444 1207 2496 Astron.
1218 2459 1242 2493 e.
1255 2449 1279 2493 l.

181 2514 190 2543 Ι
205 2515 315 2575 (lorpes,
326 2513 512 2563 exercitatione
525 2510 664 2569 deterrunt,
676 2512 701 2559 in
712 2510 818 2560 flumine
830 2525 886 2559 corn
898 2510 1048 2559 recrearet!
1065 2513 1178 2559 Onu-³
1196 2509 1280 2558 Abest

183 2577 225 2627 hic
237 2594 253 2626 u
266 2579 348 2628 l’nlat.
359 2593 409 2641 pec.
443 2578 474 2627 lu
493 2576 620 2626 D’Orvill.
636 2577 762 2639 solideque.
797 2575 828 2624 ln
840 2589 919 2635 marg.
932 2574 992 2623 Bas.
1005 2590 1042 2637 pr.
1051 2574 1188 2635 culidcprre.
1204 2573 1280 2622 ld.-

185 2646 200 2691 l
219 2640 285 2692 Haec
296 2644 394 2706 scripta
407 2643 495 2702 lectio,
507 2656 565 2706 que
585 2642 663 2691 etiam
675 2647 716 2689 ett
728 2642 755 2689 in
766 2640 855 2689 colon.
866 2637 992 2688 editione.
1025 2639 1091 2687 Ven.
1104 2638 1179 2688 Rern.
1190 2634 1281 2685 mnis·

185 2712 262 2755 croru.
293 2708 352 2757 Ber.
371 2712 504 2770 coornent.
529 2706 590 2754 Bas.
614 2710 637 2753 1.
656 2707 838 2765 coquiersnm.
854 2704 1015 2752 eonreumrt.
1048 2702 1116 2751 lllud
1133 2700 1280 2751 conruerunt

183 2769 251 2820 forte
264 2771 431 2834 depravatum
439 2786 471 2820 ex
483 2770 657 2819 eminerent.
676 2769 789 2818 Colvins.
826 2769 994 2828 consederent.
1013 2767 1147 2816 Cithaeroni
1158 2767 1237 2827 rengis
1248 2764 1281 2815 sd

185 2837 261 2885 ritum
272 2838 406 2899 antiquum
418 2845 457 2885 est
469 2836 496 2885 in
511 2834 554 2883 lib.
567 2834 637 2884 Aldl.
661 2834 794 2883 licoidefi
810 2833 868 2881 Juc.
876 2834 930 2881 edu.
942 2832 1016 2880 Bert.
1027 2834 1159 2881 instructus
1169 2848 1193 2881 u.
1205 2831 1281 2879 male.

186 2896 342 2949 Hercule-6
360 2902 520 2949 incuntanter.
545 2900 601 2961 [Sic
613 2912 715 2962 semper
735 2898 827 2946 scribit
845 2896 927 2959 0ud.]
945 2897 1009 2960 lieg.
1025 2894 1115 2945 (laeli.
1138 2910 1192 2946 sec.
1212 2894 1280 2944 Edd.

186 2964 259 3015 Jnnt.
273 2977 312 3026 pr.
325 2962 394 3023 Aldi,
406 2965 574 3012 incunctanter.
609 2960 677 3010 Vide
691 2962 723 3011 nd
734 2962 780 3009 lib.
795 2975 838 3011 ιιι.
857 2974 884 3023 p.
896 2964 985 3009 tid-'t
1002 2960 1118 3009 latrones
1129 2967 1203 3009 caret
1214 2958 1280 3019 Reg.

186 3028 252 3077 Fax.
264 3027 290 3075 ln
303 3042 362 3089 qno,
373 3030 408 3076 nti
421 3036 447 3075 et
460 3027 544 3075 Pnlat.
560 3026 688 3076 D’Orvill.
706 3027 832 3074 wiltrorc.
849 3024 941 3073 lit-⁸
958 3023 1047 3073 Gnelf.
1070 3040 1108 3101 pr.
1128 3024 1187 3087 ipsu.
1205 3022 1282 3071 ld.-

184 3098 201 3141 9
221 3091 348 3139 Eneliticn
357 3106 406 3141 von
418 3090 490 3139 ebert
502 3090 594 3138 rPtth.
607 3088 709 3139 D'Oru.
723 3090 788 3139 Fnu.
820 3088 1064 3150 Argenturcoranrquc
1075 3103 1101 3136 ιιι
1111 3088 1197 3135 Oxou.
1210 3086 1282 3135 Pitlr.

186 3155 275 3206 (lucif.
286 3169 325 3218 pc.
342 3156 429 3203 ld.-l
443 3153 573 3203 D'Orr.ct
581 3154 662 3201 mictu
671 3159 694 3201 ct
702 3154 798 3202 intecta
805 3167 814 3209 ‚·
831 3154 942 3213 primurn
952 3151 1027 3212 bene,
1038 3153 1148 3200 ulturum
1156 3150 1281 3213 pessime3

186 3221 250 3271 licet
260 3220 355 3269 ιἰιΙοεΙω
367 3218 401 3267 sit
422 3231 525 3283 quoque
544 3216 571 3265 in
591 3214 679 3265 Guelf.
698 3230 737 3277 pr.
762 3215 908 3265 ‘Vestibus
925 3215 1055 3263 intextum
1071 3214 1178 3263 nurnm'
1192 3214 1236 3263 lib.
1250 3228 1282 3263 ιι.

187 3284 244 3334 luit.
255 3289 284 3333 et
296 3283 398 3347 passim.
416 3283 488 3331 Dein
499 3278 649 3329 inuclrclrstnr
660 3280 732 3329 Pitlr.
749 3279 838 3329 idei
855 3277 959 3337 Rcfcctr'.
978 3279 1043 3327 Fun.
1059 3276 1141 3336 refoti.
1152 3278 1282 3327 Roaldns.

188 3350 278 3409 Resoti.
293 3348 390 3411 Vulgo,
400 3346 492 3408 resecti.
508 3342 675 3393 uterere-u
695 3340 776 3392 Fores.
795 3342 944 3399 Restitnere
956 3342 1041 3390 consti
1051 3343 1148 3390 stom.-
1164 3341 1211 3390 sed
1223 3354 1284 3417 pro·

189 3412 249 3463 bour
259 3419 310 3477 est,
322 3412 499 3477 quod-editur,
510 3408 607 3458 dietant
625 3408 658 3457 de
675 3406 830 3467 latronibus,
847 3404 891 3469 qui
910 3405 986 3454 sociis
998 3405 1053 3469 jant
1070 3404 1283 3455 occumbentibus

188 3484 403 3541 supervenerunt,
413 3477 457 3539 qui
469 3474 568 3539 puriter
579 3472 662 3522 calida
672 3470 780 3537 pertusi,
790 3476 817 3520 et
828 3469 946 3534 peruncti
959 3468 1026 3529 oleo,
1033 3471 1135 3520 lectulis
1150 3484 1208 3520 sese
1219 3470 1283 3532 inje-

188 3550 288 3605 cerunt,
298 3544 514 3603 inseruerunrqne
527 3539 628 3589 iisloois
644 3536 665 3603 (‘
678 3535 762 3589 toros'
785 3534 881 3599 vocat),
898 3534 942 3584 nbi
959 3535 1022 3585 socii
1042 3536 1133 3596 rarius,
1152 3549 1202 3585 nec
1219 3534 1284 3583 sutis

190 3615 251 3671 apte
259 3616 287 3656 et
298 3608 448 3657 continuate
458 3604 647 3654 occubuissent.
664 3602 689 3651 A
701 3600 766 3659 sorio
776 3599 827 3649 illis
835 3598 965 3662 deducts,'
976 3601 984 3629 ‘
995 3598 1100 3661 forare,'
1111 3602 1119 3629 ‘
1130 3597 1216 3659 fores:
1229 3601 1236 3627 ¹
1248 3596 1285 3647 lo-

190 3670 250 3721 rus!
268 3670 409 3721 Adeundns
420 3670 511 3719 Festus
523 3676 550 3717 et
562 3666 663 3718 Nonius
674 3664 824 3717 Marcellus.
836 3664 950 3714 Stewccl.
967 3665 1020 3714 Ms.
1029 3672 1055 3713 et
1065 3666 1121 3716 Col.
1131 3665 1219 3713 enom.
1236 3664 1284 3711 Le·

189 3735 351 3799 gitlripsins,
368 3741 440 3784 toros.
466 3734 579 3783 Colvlus.
613 3728 818 3787 an.clrcros‚et
837 3728 897 3779 Ald.
917 3729 1001 3779 Reold.
1037 3728 1132 3778 steron
1143 3728 1184 3778 Al.
1192 3726 1283 3776 cleros.

190 3801 400 3851 Elmenlrorstius.
432 3799 471 3848 Μ.
490 3798 578 3847 tltcrer.
597 3797 759 3846 Peteon-t
777 3796 856 3844 Nunc.
877 3794 928 3843 Ms.
949 3802 977 3843 et
999 3792 1126 3844 editiones
1143 3794 1285 3856 pleneque,

682 3924 792 3977 Nove·

224 4031 237 4065 Ι
255 4032 289 4081 lit
298 4032 457 4097 inteutsfilr's
467 4030 556 4095 streis]
571 4030 670 4081 Aurum
681 4031 718 4080 in·
792 4027 798 4062 ¹
814 4026 882 4079 lntcr
897 4034 961 4078 reor
976 4020 1101 4089 urim]
1118 4024 1230 4077 Quidam
1249 4024 1284 4074 lc·

193 4117 285 4161 texere
297 4108 408 4157 restibus
421 4108 519 4157 invenlt
531 4106 636 4167 Attalus
648 4107 716 4156 Rex:
760 4106 898 4170 gontscros
905 4121 914 4162 ‚·
930 4102 999 4168 qood
1011 4104 1032 4151 si
1044 4103 1100 4167 quis
1110 4102 1223 4152 retinere
1234 4115 1286 4149 urs·

194 4185 263 4237 uude
273 4182 395 4232 Attalica
407 4182 494 4233 dictu.
759 4183 799 4246 lit,
825 4180 994 4246 intelligendu
1013 4184 1091 4229 erunt
1119 4178 1218 4233 sedilia,
1245 4177 1284 4224 vel

260 4262 525 4327 veleternens.
696 4262 769 4325 spat.
1196 4256 1223 4309 R
