3000 4859
220 369 242 435 8
666 380 886 433 mmmm

220 546 262 591 eo
277 526 401 609 gratior
416 523 656 608 Oudendorpio
677 522 806 589 accidit
820 522 937 589 eadem
952 522 1101 601 collatio,
1116 522 1223 607 ipsius
1238 523 1319 589 Lin-

220 628 394 711 denbrogii
417 646 515 691 manu
538 626 677 710 scripta,
691 645 792 709 quam
807 626 841 689 oi
856 625 914 691 Jo.
928 623 1008 691 Alb.
1024 624 1203 690 Fabricius
1215 627 1316 691 misit.

221 727 423 811 Quanquam
442 726 698 810 Oudendorpius
718 727 754 789 iu
775 726 839 791 bac
862 746 996 810 quoque
1018 726 1201 793 collatione
1224 728 1317 792 illam

220 831 429 909 diligentiam
444 835 478 894 et
491 848 616 906 curam,
639 847 708 911 qua
729 848 817 894 nunc
832 826 949 898 Critici
963 835 1092 893 veteres
1106 830 1318 895 membranas

219 934 405 1010 excutiunt,
418 931 597 1016 aliquando
610 932 759 1014 requirit,
770 936 808 995 ut
823 930 867 997 ad
882 929 1065 995 Metamv.
1080 950 1114 1014 p.
1128 930 1204 996 aab.
1249 931 1316 995 Pa·

218 1036 357 1101 latinum
373 1034 531 1100 Codicum
546 1032 733 1099 Wovverius
753 1034 962 1098 adhibuerat.
1005 1032 1074 1097 Sed
1095 1031 1196 1116 hujus
1212 1034 1315 1099 etiam

219 1136 460 1201 accuratiorem
482 1135 706 1210 collationem,
728 1153 749 1197 a
763 1132 786 1197 J
788 1152 854 1198 auo
868 1133 1015 1198 Grutero
1027 1133 1161 1211 iactam,
1176 1133 1316 1199 leiden-

219 1238 266 1303 sis
288 1237 500 1302 Bibliotheca
516 1233 756 1317 Oudendorpio
778 1235 1019 1318 suppeditavit.
1064 1233 1250 1300 Veniamus
1270 1237 1315 1301 ad

218 1358 277 1403 eos
300 1337 455 1416 Codices,
476 1338 597 1422 quibus
619 1354 718 1400 nemo
741 1350 820 1401 ante
842 1356 916 1401 eum
937 1355 1021 1401 usus
1040 1338 1215 1420 reperitur.
1261 1338 1314 1401 Ex

218 1439 326 1521 Regia
338 1438 495 1503 Parisiua
510 1438 625 1503 babuit
641 1438 812 1520 Excerpta
827 1437 966 1503 Codicis
979 1439 1233 1516 membranacei,
1249 1454 1313 1503 xv.

218 1542 346 1607 sarculo
358 1541 482 1624 scripti,
493 1558 591 1623 quem
601 1538 787 1620 Catalogus
804 1538 889 1603 Mss.
900 1540 1037 1605 nacor.
1047 1540 1217 1623 assignat:
1233 1542 1314 1607 item

217 1643 407 1707 Editionem
435 1638 594 1706 Aldinam
616 1659 691 1705 cum
720 1640 790 1707 Ms.
814 1640 973 1707 collatam
992 1660 1054 1724 per
1070 1641 1314 1727 Hieronymum

217 1743 423 1819 Groslotium
453 1743 630 1808 Lislaeum:
654 1741 833 1807 Variautes
862 1743 1003 1826 denique
1030 1762 1076 1807 cx
1104 1744 1230 1810 Codice
1255 1745 1312 1809 Fr.

217 1845 415 1922 Petrarchae,
431 1846 546 1909 etalio
563 1846 770 1927 nescioquo,
786 1864 929 1928 quarum
949 1845 1027 1909 illas
1041 1846 1093 1911 vir
1113 1845 1236 1911 doctus
1251 1866 1312 1911 ex·

215 1946 327 2029 emplo
358 1946 540 2011 Vioenriuo
572 1946 790 2028 ascripserat,
814 1945 876 2009 has
905 1944 1034 2011 Aldine
1070 1946 1111 2011 P.
1143 1946 1310 2013 Pithoeus.

216 2047 270 2111 Ex
286 2049 445 2114 Leidensi
465 2048 678 2113 Bibliotheca
701 2049 823 2114 sumsit
842 2047 1005 2113 lectiones
1026 2049 1144 2114 incerti
1158 2048 1311 2128 Codicis,

215 2171 302 2232 quas
315 2150 483 2217 Gerardus
497 2148 658 2227 Vossius,
678 2149 822 2215 Gorardi
836 2150 980 2215 loannis
994 2149 1094 2228 filius,
1116 2151 1153 2214 iu
1166 2152 1311 2233 margine

213 2250 438 2317 Vulcanianae
447 2252 641 2334 posterioris
656 2258 801 2315 notarat.
824 2250 1309 2336 AJosephoWassio,praeter

215 2354 447 2429 correctiones,
462 2372 547 2435 quas
562 2354 635 2435 ipse
649 2352 786 2430 fecerat,
795 2354 929 2436 accepit
939 2354 1168 2437 Excerptaex
1179 2354 1308 2421 Codice

213 2453 399 2535 Anglicauo
413 2453 539 2530 Paraei,
554 2452 596 2517 de
611 2454 736 2537 quihus
751 2454 861 2536 ipsum
876 2454 954 2519 vide
968 2455 1011 2520 ad
1027 2454 1166 2521 Metam.
1183 2473 1209 2520 r.
1224 2477 1261 2539 p.
1277 2458 1308 2521 5.

213 2554 283 2619 His
304 2555 471 2636 egregium
493 2553 721 2638 adjumentum
745 2556 891 2620 accessit
912 2576 958 2621 ex
973 2557 1187 2623 Bibliotheca
1206 2558 1308 2625 Guel-

212 2655 427 2741 pherhytana,
443 2657 540 2740 cujus
556 2655 683 2739 duplex
696 2656 813 2721 Codex
828 2676 851 2721 a
865 2655 909 2720 G.
924 2657 1039 2723 Curtio
1058 2680 1134 2725 cum
1148 2662 1309 2743 exemplo

213 2756 377 2825 Colviauo
388 2779 486 2841 quam
501 2759 753 2823 accuratissime
768 2762 984 2842 comparatus
1000 2768 1081 2825 erat.
1125 2762 1177 2827 cl.
1190 2761 1308 2826 Ernes-

215 2868 282 2938 tus,
305 2862 363 2943 qui
386 2861 502 2924 borum
533 2860 776 2944 Excerptorum
798 2863 932 2945 copiam
955 2862 1197 2947 Oudendorpio
1216 2864 1307 2946 iecit,

211 2970 385 3044 utrumque
410 2962 571 3027 Codicem
590 2965 641 3027 ita
666 2964 844 3030 describit:
867 2964 1001 3030 Primus
1021 2971 1075 3030 est
1097 2968 1306 3033 membrana·

212 3084 303 3141 cena,
317 3064 376 3128 sed
389 3063 582 3142 lacunosae,
595 3066 776 3150 incipitque
790 3068 825 3131 io
840 3066 880 3131 1..
895 3084 938 3132 11.
970 3068 1126 3151 Scriptus
1135 3074 1186 3133 est
1200 3071 1235 3133 in
1244 3091 1305 3154 pa·

210 3167 395 3249 limpsesto.
434 3165 561 3231 Versus
576 3175 653 3232 ante
668 3167 823 3233 videntur
833 3170 866 3232 in
876 3168 962 3235 libro
973 3168 1091 3248 fuisse,
1103 3190 1242 3253 quorum
1257 3192 1304 3237 sc.

210 3268 354 3348 vestigia
366 3266 455 3331 clare
469 3275 639 3351 apparent.
683 3268 857 3352 Scriptura
870 3276 923 3334 est
935 3271 1112 3348 luculenta,
1128 3274 1246 3338 saeculi
1263 3290 1304 3340 x.

211 3374 269 3432 aut
293 3384 348 3433 xl.
389 3368 488 3433 Alter
511 3370 646 3435 exbibet
667 3375 773 3437 totam
794 3371 1094 3455 Metamorphosis,
1108 3374 1229 3452 nitide,
1244 3374 1304 3439 scd

209 3472 383 3551 perparvis
398 3472 504 3536 literis
517 3472 664 3555 scriptus
676 3472 711 3535 iu
722 3473 923 3551 membrana,
933 3476 1058 3539 saeculo
1069 3482 1205 3540 runaut
1216 3493 1302 3541 xrrr.

211 3571 390 3654 Conspirat
424 3590 499 3637 cum
532 3572 699 3639 Palatino.
746 3574 922 3640 Hactenus
956 3576 1129 3643 Emestus.
1174 3577 1303 3643 Ultimo

207 3672 283 3737 loco
304 3672 591 3737 commemoranda
613 3679 666 3738 est
685 3676 875 3741 membrana
896 3677 972 3742 Jac.
996 3678 1085 3743 Phil.
1113 3677 1301 3757 D'Orvillii,

208 3774 333 3843 saeculo
360 3789 447 3837 xlll.
470 3774 635 3858 eleganter
656 3779 793 3861 scripta,
807 3797 910 3862 quam
926 3781 992 3863 ipsi
1008 3780 1252 3865 Oudendorpio
1265 3782 1302 3847 iu

207 3877 361 3945 manibus
371 3875 507 3953 habere,
522 3884 557 3941 et
572 3879 735 3945 arbitratu
749 3900 814 3945 suo
828 3887 971 3948 tractare
981 3881 1088 3947 licuit.
1132 3881 1223 3948 Haec
1234 3903 1302 3951 uua

206 3976 367 4059 majorem
382 3978 450 4041 vim
464 3978 664 4043 variantium
675 3984 834 4063 praebuit,
847 4002 948 4069 quarn
962 3983 1038 4049 dnm
1049 3990 1160 4048 mesre
1170 3984 1214 4048 ab
1224 3984 1301 4050 aliis

205 4079 379 4161 inspectae.
423 4079 524 4147 Tanti
539 4082 574 4145 in
587 4081 652 4145 hac
664 4080 825 4151 librorum
835 4084 1085 4170 comparatione
1099 4083 1208 4163 refert,
1224 4088 1299 4169 qui·

206 4182 268 4245 hus
283 4180 392 4247 oculis
406 4187 440 4247 et
454 4202 553 4265 quam
567 4184 676 4251 otiose
691 4203 759 4249 rem
773 4206 867 4269 agas.
903 4188 999 4255 Idem
1015 4186 1135 4254 Codex
1145 4194 1226 4273 post
1237 4188 1299 4255 do·
