3000 4859
199 388 264 455 232
668 402 822 449 neuneu

199 549 249 611 tia
273 547 465 627 revocavit3
490 566 543 623 ne,
569 552 673 609 morte
697 544 837 609 multata
865 544 999 622 Fotide,
1023 542 1188 609 salutares
1212 546 1292 610 mihi

199 648 375 731 suppetias
389 647 523 711 rursus⁸
543 646 780 729 extinguerem.
823 645 971 729 Dejecto
984 646 1122 729 itaquel>
1143 654 1178 712 et
1191 666 1293 730 quas·

198 749 285 815 sauli
296 750 417 834 capite,
429 769 469 815 ao
483 748 675 815 demussata
689 749 862 831 temporali
873 746 1101 826 contumelia,l
1113 747 1293 813 durissimo

199 850 295 917 casui
310 871 386 915 meo
400 852 559 929 servieus,
581 849 623 915 ad
645 856 787 933 equum¹
802 849 897 913 illum
911 856 1079 915 vectorem
1093 868 1201 913 meum
1216 868 1292 932 pro·

199 951 395 1017 bissimum⁰
409 952 442 1016 in
457 951 647 1017 stabulum²
662 950 832 1015 concedo:
848 951 906 1015 ubi
921 952 1022 1016 alium
1036 952 1136 1015 etiam
1153 950 1293 1015 Milonis

200 1056 368 1141 quendem
383 1054 527 1140 hospitis
542 1055 628 1121 mei‘¹
642 1057 774 1121 asinum
791 1056 1015 1121 stabulantem
1028 1056 1149 1121 invem.
1178 1054 1291 1139 Atque

200 1178 264 1240 ego
277 1160 388 1234 rebar,
403 1158 433 1224 si
448 1159 539 1243 quod
553 1160 680 1225 inesset
692 1158 792 1223 mutis
806 1158 1007 1223 animalibus
1021 1158 1162 1223 tacitum
1176 1177 1218 1223 sc
1232 1178 1291 1223 ua-

200 1260 308 1327 turale
323 1265 573 1337 sacramentum,
595 1260 767 1345 agnitione
783 1278 824 1323 ae
838 1259 1052 1324 miseratione
1071 1259 1217 1344 quadam
1240 1260 1292 1323 in·

200 1362 337 1427 duonum
348 1382 467 1447 equum
482 1363 592 1429 illum³
608 1382 730 1441 meum,
741 1363 938 1446 hospitium,
951 1363 1040 1440 loca,
1054 1362 1292 1427 trutinemus

200 1466 425 1547 praebiturum.
468 1466 548 1544 Sed,
563 1466 647 1550 proh
658 1466 793 1549 Jupiter
808 1462 1024 1551 Hospitalis,f
1043 1472 1097 1529 et⁵
1123 1463 1220 1529 Fidei
1235 1484 1292 1530 sa·

201 1646 248 1694 tior
258 1650 493 1709 rogitetiodeterruil
503 1665 539 1699 ure
549 1652 579 1700 ub
590 1649 733 1713 imprudenti
742 1650 876 1715 propositor
893 1664 930 1706 se,
942 1651 964 1699 si
973 1651 1081 1713 punirent
1090 1656 1164 1698 nme
1176 1648 1293 1705 Fotidem,

200 1713 350 1773 manum
360 1714 418 1763 utut
428 1716 513 1765 iterum
523 1715 639 1764 nardium
647 1716 761 1764 salutare.
794 1715 930 1763 Demittess
945 1714 1022 1777 igitar
1033 1719 1056 1763 et
1070 1714 1202 1763 matutinas
1211 1716 1292 1774 eaput,

199 1790 338 1841 genaque
348 1781 419 1829 tacite
429 1780 495 1829 illusa
504 1780 616 1841 injuriosi
625 1780 762 1828 dumturnru
772 1784 864 1828 mensu
873 1794 916 1841 per
925 1780 1019 1842 aliquod
1034 1784 1133 1842 tmpus,
1142 1784 1166 1826 et
1179 1779 1294 1839 obtempe-

200 1852 258 1889 runs
267 1857 324 1891 suec
335 1844 500 1893 erudelimimae
512 1842 629 1901 funeste,
637 1844 725 1907 recipio
735 1858 773 1892 ure
790 1845 817 1892 in
826 1844 902 1906 equile
919 1858 989 1906 prope
998 1843 1109 1906 optim
1124 1844 1192 1892 illurn
1208 1854 1293 1903 equum

199 1918 275 1954 neum
283 1912 436 1971 gestatorem,
447 1910 486 1958 ubi
496 1907 585 1974 ‹rff'endi
595 1909 667 1958 etinus
677 1910 749 1957 udum
758 1908 850 1957 missus
861 1908 960 1957 Milonis
974 1909 1020 1956 mei
1030 1908 1087 1956 olins
1096 1906 1196 1970 nuptiis
1204 1906 1297 1954 ibideus

200 1977 338 2021 rumne.
372 1974 405 2021 Et
423 1974 557 2023 arbitrabor
574 1972 641 2023 itm
659 1986 734 2021 meurs
751 1987 845 2035 quun,
860 1972 987 2035 impulsam
1002 1974 1100 2036 Μαι
1116 1970 1249 2032 meum
1268 1972 1292 2016 et

200 2032 358 2086 nunionis
374 2038 497 2100 urimini
513 2042 622 2089 datm
639 2037 776 2102 hepidan,
789 2038 872 2099 boun,
889 2042 913 2086 et
931 2050 1028 2086 rausero
1043 2036 1176 2098 hospitfflu
1189 2034 1212 2083 si
1226 2038 1293 2082 nuru

199 2098 313 2150 erinaciis
331 2101 441 2152 luderem
461 2102 564 2167 alim
583 2108 696 2153 uxretsas
713 2108 736 2152 et
755 2102 887 2165 ingenitum
896 2102 981 2167 fida.
1018 2099 1180 2163 Versus,prol
1196 2099 1294 2161 Jupiter

657 2248 837 2271 OWWO

202 2348 245 2397 vit.
265 2349 330 2397 Colo.
365 2347 518 2398 Mordicibss.
537 2348 609 2398 llum
624 2348 748 2398 mordicus.
766 2348 841 2397 Bert.
852 2346 998 2395 mordicitus.
1016 2346 1184 2395 diluente-8
1199 2344 1227 2395 S.
1238 2360 1258 2394 s.
1270 2360 1292 2396 r.

200 2412 271 2461 Pltb.
282 2415 410 2461 ulmeam
420 2428 439 2462 s.
449 2427 551 2462 rursusi.
568 2412 687 2462 ond-u
704 2412 803 2461 D’Oru.
819 2410 919 2472 liderla
930 2413 1018 2473 itaque,
1036 2410 1092 2459 Pal.
1108 2411 1143 2460 b.
1155 2410 1232 2472 ireque.
1252 2410 1293 2459 ld.

198 2482 246 2526 -l
267 2476 371 2527 Deleri
385 2491 469 2539 equuus
486 2490 520 2526 eu
542 2477 657 2526 Bertiuo.
676 2477 831 2527 sucu-a
848 2476 921 2525 Proh.
938 2475 963 2523 is
981 2476 1044 2525 stab.
1078 2474 1144 2525 liare
1163 2474 1258 2523 absunt
1276 2489 1292 2523 s

201 2540 299 2603 scripto
316 2540 466 2605 exemplari.
484 2541 598 2592 cun-s
617 2540 702 2591 Palst.
714 2539 802 2591 Gueli.
813 2539 1004 2590 mdutuusillan
1014 2554 1050 2602 eq.
1068 2539 1185 2589 buu-u
1202 2538 1291 2601 Hospi-

199 2605 267 2665 tium,
278 2604 363 2655 seben
371 2606 454 2657 lautis.
481 2606 623 2669 Perpessus
632 2606 750 2669 impressi
761 2605 890 2666 anteisse
898 2606 971 2654 laute
993 2606 1114 2654 Correxit
1126 2603 1193 2653 huuc
1204 2604 1289 2653 loeium

198 2670 277 2721 etiarn
291 2670 444 2721 Gulielmius
460 2677 548 2721 noster
564 2670 752 2720 verisimilibus
770 2669 828 2734 (lib.
839 2682 883 2719 m.
899 2671 972 2731 et.)
1005 2669 1124 2733 legimns
1135 2681 1237 2733 qnoque
1249 2668 1293 2717 lib.

199 2748 240 2786 ru.
256 2735 324 2785 ‘Sed
336 2736 406 2796 mibi,
421 2750 454 2786 ne
473 2736 643 2785 rudimentum
662 2734 761 2783 seruitii
773 2735 1004 2797 perhorrescerem,
1016 2747 1096 2782 meus
1107 2733 1223 2782 dontinus
1233 2732 1292 2781 locs

199 2798 279 2850 lautis
299 2800 398 2863 prolixe
423 2798 554 2863 prebuit?
586 2799 782 2861 Etcorriglmus
799 2798 931 2849 Sidonium
950 2796 1129 2861 Apollinarem
1150 2797 1233 2859 Epist.
1247 2796 1292 2846 lib.

199 2876 263 2913 vrrs.
281 2864 447 2913 'senatorem
459 2871 584 2920 uestrum,
601 2863 729 2927 hospitem
741 2876 836 2922 meum,
847 2860 980 2912 conflictui
990 2862 1050 2911 huic
1061 2861 1142 2912 iactes
1150 2869 1291 2912 exsortem.

200 2928 221 2977 C
242 2928 279 2975 'ue
291 2926 311 2975 si
320 2926 438 2977 conuiuio
448 2934 569 2993 tectoque
577 2927 710 2989 succedas,
717 2927 798 2991 depes
807 2927 987 2990 Cleopatricas
995 2938 1023 2977 et
1031 2928 1089 2976 locs
1098 2927 1179 2975 lautia
1190 2933 1266 2989 putes
1276 2926 1293 2972 ι’

200 2941 281 3041 addin
292 2990 424 3053 impressis
437 2992 555 3043 omuibus
573 2999 601 3043 et
617 2992 732 3055 scriptis,
747 3007 812 3056 quos
826 2992 926 3057 aliquot
943 2992 1053 3055 inspexi,
1068 2993 1119 3040 loss
1133 2990 1215 3041 latin
1232 2990 1292 3040 Col·

199 3054 263 3107 vius.
296 3054 373 3120 Hesp.
384 3057 564 3107 bumbula.
596 3056 627 3107 ln
640 3058 712 3108 Bert.
724 3058 829 3107 sertor.
846 3064 897 3117 est,
915 3056 941 3107 l.
956 3072 985 3104 uc
998 3058 1049 3105 locu
1066 3056 1139 3105 lautu
1174 3056 1231 3105 Lis.
1247 3054 1292 3103 lib.

199 3133 261 3171 urst.
276 3120 380 3171 ‘meus
391 3120 452 3171 inde
466 3121 598 3186 lautiaque
610 3122 701 3185 legatis
723 3122 834 3185 praeberi
849 3119 944 3186 jures!
960 3120 1005 3171 llh.
1024 3133 1112 3171 sueri.
1144 3119 1204 3169 ‘An
1223 3120 1292 3179 loca,

199 3185 289 3247 lautis,
306 3192 474 3249 senatumque
485 3185 594 3237 meent!
610 3186 766 3237 Etmlu-tt
783 3186 981 3236 Coaciuniorern
992 3186 1148 3249 scripturam
1160 3185 1288 3235 arbitror:

198 3250 312 3314 hospitale
323 3250 365 3311 ius
375 3255 398 3302 et
405 3252 468 3317 fidei
478 3266 511 3302 se.
522 3266 562 3302 au.
588 3250 670 3304 duale
681 3251 743 3300 iliud
756 3250 861 3301 Pelium
879 3256 887 3281 ⁸
897 3250 1004 3315 Jupiter
1015 3250 1022 3298 l
1037 3250 1182 3314 hospitibus
1194 3263 1253 3298 narn
1265 3256 1291 3298 te

692 3378 798 3429 NOTAE

224 3490 724 3558 blleruuesutulersrporuiitroalururlinJ'l'e·
765 3490 792 3540 in
810 3490 943 3543 Problem.
966 3492 1071 3555 begstis
1096 3493 1289 3544 honoratiorum

198 3574 265 3617 rent.
274 3566 413 3631 Adelphis:
430 3570 438 3597 ⁴
448 3567 609 3632 Accipienda
619 3575 647 3615 et
658 3582 724 3616 mus·
764 3568 879 3629 gendum
895 3582 943 3631 per
957 3570 1108 3620 lineatores
1118 3584 1224 3619 munera
1234 3570 1293 3621 mit·

197 3642 300 3692 sitands
325 3644 417 3707 injuris
440 3642 642 3695 adolescentium
668 3642 725 3693 eut.'
765 3640 1047 3706 tebaut,lsutiadicts.
1075 3645 1292 3709 Loeumprreter-

198 3717 248 3769 llbi
270 3720 389 3769 Donatus
409 3721 526 3783 exponit,
550 3720 680 3784 patienda,
696 3726 724 3769 et
764 3718 988 3784 eadeeipusbsnn
1004 3720 1046 3771 ubi
1062 3720 1216 3770 habitarent.
1250 3722 1292 3771 Li·

198 3810 256 3847 cum
267 3798 369 3847 silentio
380 3797 542 3861 perferenda.
764 3797 837 3848 eins:
853 3799 861 3825 ⁴
875 3798 958 3847 lucus
976 3796 1037 3848 inde
1055 3798 1189 3862 lautisque
1200 3798 1294 3862 legetis

228 3873 438 3939 el'rohisu'suuru]
453 3872 650 3926 Amarsirouls.
763 3873 875 3938 penbert
889 3874 981 3939 jussa?
1013 3874 1146 3925 Dixernnt
1166 3881 1195 3923 et
1214 3874 1222 3902 ⁸
1239 3875 1293 3925 iau·

228 3948 377 4008 tonsum
385 3951 485 4016 lopun
494 3950 551 4015 nes]
568 3950 650 4001 Immo
662 3965 724 4015 psu-
764 3950 840 4001 tiss:'
857 3961 995 4019 utrumque
1013 3967 1029 4001 s
1045 3951 1147 4001 nomine
1162 3951 1294 4013 ‘lautus;'

198 4028 222 4075 lo
233 4035 307 4090 ante3
319 4042 413 4093 nempe
423 4029 503 4093 prius,
511 4042 587 4093 quern
600 4041 633 4077 ex
642 4026 724 4079 Lucio
764 4036 839 4078 eraut
857 4027 927 4079 enirn
945 4029 1018 4078 lsnts
1037 4040 1068 4077 sc
1088 4026 1226 4091 magnillus
1246 4028 1293 4078 ills

198 4102 466 4154 tuctuseseetasiuus.
764 4120 879 4158 mernere.

230 4180 329 4241 ‘lnce
346 4180 548 4245 rauruJAnudir
570 4179 603 4228 ad
625 4192 722 4229 morem
796 4178 890 4231 'Proh
910 4180 1008 4245 Jupiter
1029 4180 1176 4249 Hmpitolie]
1201 4178 1291 4230 zebet

199 4258 380 4321 Romanorum,
397 4254 450 4321 qni,
467 4262 495 4305 ut
512 4255 549 4305 alt
560 4254 722 4317 Plutarchus,
763 4254 842 4318 ξένιος.
885 4256 964 4307 Ouid.
989 4258 997 4284 ‘
1016 4256 1130 4322 Jupiter,
1146 4256 1291 4322 hospitibus
