3000 4859
433 366 666 416 reseramus
693 368 740 417 nn
762 368 939 417 arunnro.
1191 353 1236 419 87

146 513 178 573 et
190 509 275 572 hanc
287 527 425 591 operam
436 510 616 590 gratificari
628 510 757 575 doctis:
779 516 906 576 tantum
918 510 1036 588 doctis,
1048 528 1234 593 qnosmag-

145 608 287 673 niiacere
302 608 498 691 scriptorem
513 609 620 687 illurn,
637 614 671 673 et
685 611 793 675 multa
804 610 934 675 haurire
944 611 1093 693 quotidie
1103 630 1147 676 ex
1158 611 1233 695 ejus

145 709 305 787 sontibus,
319 712 403 775 satis
416 709 495 773 mihi
513 717 653 776 constat.
679 710 729 776 At
743 730 819 790 voe,
832 710 977 779 Tulliani
991 713 1095 794 pueri,
1110 713 1234 777 bonum

143 808 283 887 lactum,
295 808 326 875 si
338 809 403 873 hoc
418 817 522 893 caput
534 828 599 875 non
615 812 766 893 tangetis.

387 992 483 1061 Idem
498 994 556 1059 lib.
573 1010 616 1060 ιι.
632 994 836 1073 Electorum,
850 1014 926 1079 cap.
943 996 997 1061 21.

184 1124 239 1188 De
255 1125 402 1209 Apuleio
424 1143 489 1189 non
503 1144 578 1189 sum
600 1126 733 1191 nescius
754 1126 836 1211 quid
856 1126 974 1210 vulgus
988 1128 1086 1193 hodie
1098 1127 1229 1206 sentiat,

140 1229 173 1288 et
187 1225 271 1307 qnid
285 1225 403 1289 melior
417 1224 589 1289 doctorum
605 1226 697 1290 ordo.
740 1227 763 1291 J
766 1232 840 1291 acet
859 1226 950 1310 apud
971 1228 1075 1306 illum,
1097 1234 1164 1293 stat
1180 1227 1230 1293 vi·

139 1334 264 1408 getque
285 1324 375 1407 apud
396 1324 489 1402 istos,
510 1324 574 1389 hoc
591 1316 716 1389 ¹saltem
738 1326 818 1403 talo,
839 1326 931 1409 quod
953 1346 1112 1408 nugarum
1135 1327 1229 1391 illum

139 1425 251 1491 ludum
267 1430 439 1507 temperet,
455 1444 495 1489 ac
508 1426 646 1489 misceat
661 1424 780 1489 crebro
794 1426 883 1489 velut
896 1426 970 1490 sale
984 1428 1106 1508 prisca
1121 1446 1163 1491 ac
1176 1445 1228 1491 re·
1267 1498 1275 1509 ,

140 1523 288 1589 conditae
304 1524 471 1589 docuinre.
508 1524 680 1589 Doctrinae
692 1525 726 1587 iu
740 1524 888 1590 moribus
902 1525 988 1604 dico,
1009 1530 1043 1592 et
1054 1526 1089 1589 in
1104 1526 1228 1592 verbis.

139 1624 231 1689 Nam
256 1625 380 1707 stylum
407 1624 484 1709 ejus
506 1626 595 1709 quod
620 1627 771 1709 ineptum
792 1644 867 1691 ease
886 1626 1023 1707 volunt3
1044 1626 1176 1691 fatebor
1193 1627 1228 1695 in

138 1732 254 1807 parte:
269 1746 330 1791 nec
340 1726 426 1791 enim
435 1727 652 1809 asperitatem
663 1728 756 1793 illam
770 1734 804 1794 et
813 1728 983 1794 horrorem
993 1727 1146 1810 quasitm
1155 1726 1226 1791 dic-

138 1826 242 1889 tionis
256 1842 497 1909 usquequaque
512 1846 648 1893 excuso.
697 1828 765 1893 Sed
778 1835 891 1894 tamen
905 1827 1005 1893 docte
1019 1830 1177 1913 ineptum,
1191 1832 1226 1892 et

137 1945 156 1990 e
170 1946 238 2009 qno
251 1927 360 1991 multa
370 1928 458 1992 bona
472 1929 659 2014 selectaque
673 1930 806 1996 hauriat
819 1931 915 1995 bonae
927 1930 1126 2013 selectaque
1133 1948 1225 1993 men·

136 2026 179 2090 tis
207 2027 338 2093 Lector.
381 2026 497 2093 Verba
513 2048 580 2094 non
602 2029 762 2114 pleraque
782 2030 893 2094 omnia
915 2030 1044 2113 probat
1065 2026 1222 2111 propriat

135 2128 268 2210 phrasis
283 2147 348 2193 non
362 2147 453 2211 saepe
472 2128 611 2194 ssondai
634 2131 838 2212 metaphoris
853 2138 888 2196 et
902 2130 1102 2212 imaginibus
1121 2148 1225 2193 amm·

133 2228 197 2293 nal
219 2228 298 2293 milri
323 2229 374 2295 sic
399 2228 545 2295 videtur:
573 2230 636 2294 etsi
658 2230 693 2293 in
713 2231 867 2293 universo
885 2228 1043 2293 orationis
1065 2228 1134 2305 iilo,
1148 2246 1224 2325 sca·

132 2337 229 2400 brum
242 2336 336 2416 illud,
350 2342 439 2402 etex
454 2336 607 2403 affectata
620 2336 719 2403 nimis
734 2337 929 2421 antiquitate
942 2334 1119 2415 horridum,
1133 2335 1224 2401 radit

52 2450 62 2467 ⁸
132 2458 226 2521 saepe
240 2446 276 2503 et
292 2438 385 2504 laedit
397 2458 491 2503 meas
505 2458 613 2505 aures.
656 2438 724 2503 Sed
738 2438 793 2503 hic
807 2457 938 2522 qnoque
950 2438 1018 2502 (luo
1033 2436 1066 2503 ei
1079 2438 1221 2521 patroci-

131 2546 266 2616 nantur,
285 2538 402 2603 Patria
423 2544 457 2603 et
472 2546 708 2623 argumentum.
751 2537 834 2601 Ortu
849 2539 934 2602 enim
949 2537 1125 2604 Aierl'uit:
1147 2540 1221 2622 qui-

131 2640 193 2703 bus
206 2640 302 2704 velut
315 2638 450 2705 insitum
466 2641 498 2703 in
512 2640 683 2705 sententiis
691 2638 999 2722 inventionibueque
1007 2639 1117 2703 acutia
1125 2658 1219 2718 esee;

131 2742 260 2825 asperis
274 2741 435 2825 durisque
448 2742 481 2805 in
494 2760 655 2807 sermone.
698 2740 721 2804 J
723 2760 777 2805 am
792 2747 1017 2823 argumentum
1030 2736 1219 2805 miseellam

130 2843 162 2907 ei
176 2850 241 2919 est,
257 2848 291 2908 et
303 2843 484 2920 satiricum,
499 2843 589 2929 quod
603 2851 692 2907 amat
703 2842 791 2905 hunc
806 2841 930 2906 cultum
941 2841 1131 2925 quaesitum,
1145 2840 1219 2923 pin·

129 2963 242 3025 gueni,
264 2950 299 3009 et
317 2943 482 3027 squalenti
503 2940 647 3027 quodain
670 2961 762 3007 auro.
805 2939 967 3005 Varronis
989 2941 1218 3022 Fragmentae

130 3044 249 3109 Satiris
268 3043 403 3108 videnti
424 3044 525 3107 etiam
548 3045 755 3109 examinent:
782 3041 946 3126 reperient
964 3059 1005 3104 ea
1017 3040 1108 3105 haud
1121 3041 1218 3123 louge

127 3162 205 3209 esse
220 3164 243 3209 a
256 3142 401 3209 Milesiis
415 3144 489 3210 istis
506 3144 656 3223 Punicis,
669 3152 703 3210 et
716 3142 833 3209 inculti
846 3142 957 3207 cultus
968 3141 1068 3225 stylo.

258 3318 497 3387 Beneventum
510 3318 698 3386 Vulcanius
715 3317 851 3385 Praefet.
865 3317 902 3381 in
914 3313 1109 3398 Apuleium.

168 3446 339 3519 Graasata
351 3456 403 3517 est
417 3448 490 3515 lraeo
503 3448 681 3515 sciolorum
695 3446 836 3515 audacia
850 3450 950 3528 atque
958 3441 1095 3509 vesania
1106 3440 1161 3527 (ut
1173 3441 1216 3507 de
1315 3484 1319 3489 ‹

126 3549 267 3629 mendo,
282 3570 358 3633 qnae
379 3550 513 3615 inscitia
532 3550 739 3615 librariorum
761 3549 976 3631 irrepserunt,
996 3539 1216 3624 nihildioam)

126 3670 204 3715 cum
216 3651 254 3717 iu
270 3651 418 3734 optimos
433 3650 552 3717 veteris
566 3650 654 3715 illius
667 3650 731 3716 mvi
747 3650 937 3733 scriptores,
951 3646 1021 3731 qui,
1035 3643 1214 3709 sireviris·

126 3756 215 3829 cant,
230 3770 294 3817 sua
306 3750 377 3834 ipsi
390 3752 514 3837 scripta
523 3771 611 3834 aegre
623 3752 688 3816 sint
698 3750 853 3834 agnituri,
867 3756 937 3815 tum
951 3766 1030 3814 vero
1044 3746 1214 3829 praecipue

125 3851 160 3915 iu
174 3850 369 3935 Apuleium,
383 3854 589 3936 scriptorem,
612 3854 680 3935 qui,
695 3852 767 3918 sive
780 3853 892 3929 verba,
907 3850 980 3915 eive
989 3866 1068 3925 rem,
1081 3853 1116 3911 et
1129 3860 1215 3907 sunr-

124 3971 213 4019 mam
234 3951 358 4021 Latina
381 3950 424 4016 de
439 3952 572 4018 Graeeis
587 3952 798 4018 convertendi
819 3949 1049 4015 nereensem
1064 3950 1210 4030 spectes,

124 4054 247 4121 nemini
260 4050 489 4121 classicorum
503 4050 686 4121 Auctorum
700 4052 800 4119 iacile
815 4050 912 4129 cedit,
927 4052 986 4115 &a
