3000 4859
420 958 658 1033 VETERUM
681 964 996 1036 SCRIPTORUM

274 1160 364 1235 DE
415 1164 706 1245 APULEIO
755 1171 1141 1253 PLATONICO

481 1360 920 1456 TESTIMONIA.

574 1607 836 1625 -ι-Ι-

157 1815 245 1900 Imp.
269 1816 413 1882 Severus
432 1817 543 1900 Epist.
556 1818 600 1882 ad
615 1818 777 1885 Senatum
799 1820 843 1886 de
869 1821 989 1889 Clodio
1011 1824 1135 1893 Albino
1153 1826 1245 1911 apud

453 1918 520 1982 Jul.
536 1918 771 2003 Capitolinum,
782 1942 817 2005 p.
827 1920 902 1987 124.

157 2024 311 2109 Maron
327 2043 390 2108 suit
404 2042 509 2120 dolor,
525 2044 614 2127 qnod
629 2044 722 2109 illum
734 2065 797 2129 pro
811 2047 947 2113 literato
957 2046 1160 2113 laudandum
1172 2051 1243 2133 ple-

154 2144 247 2228 rique
260 2144 418 2223 duxistis,
434 2164 510 2210 cnm
536 2145 602 2222 ille,
624 2146 746 2210 naeniis
767 2148 968 2230 quibusdem
983 2149 1128 2213 anilibus
1143 2169 1243 2216 oecu-

154 2254 268 2330 patus,
283 2247 369 2310 iuter
383 2246 540 2311 Milesias
556 2244 704 2311 Punicas
716 2246 856 2331 Apuleii
870 2249 923 2312 sni
938 2259 1199 2315 consenesceret.

290 2379 465 2446 Palladius
480 2380 522 2445 de
537 2380 590 2445 Re
606 2380 759 2458 Rustica,
770 2380 829 2444 lib.
839 2397 865 2446 1.·
885 2380 951 2447 Tit.
969 2397 1097 2446 xxxv.

193 2497 362 2582 Apuleius
383 2498 504 2563 asserit
528 2498 654 2563 semina
678 2497 802 2561 bubulo
824 2497 902 2561 ielle
925 2497 1125 2563 maceranda
1144 2505 1240 2565 ente-

153 2618 253 2683 quem
269 2619 418 2683 spargas.

273 2728 455 2794 Marcellos
466 2729 507 2793 de
522 2726 777 2793 Medicamentis
791 2728 827 2792 in
839 2725 944 2811 Epist
957 2724 1000 2791 ad
1010 2726 1111 2791 lilios.

168 2886 173 2897 ·
193 2846 334 2912 Veteres
359 2844 539 2910 Medicinae
555 2845 637 2909 artis
659 2852 826 2921 auctores,
849 2844 971 2908 Latino
990 2862 1141 2909 sermone
1162 2862 1237 2926 per·

151 2948 280 3032 scripti,
292 2944 468 3030 Apuleius,
483 2950 516 3011 et
530 2946 661 3025 Celsus,
677 2953 712 3012 et
722 2945 940 3030 Apollinaris.

190 3049 277 3135 (Sed
292 3048 334 3113 (le
349 3048 418 3113 alio
432 3046 581 3131 Apuleio
595 3046 669 3112 haec
684 3046 750 3112 duo
765 3047 956 3112 testimonie
976 3045 1131 3111 videntur
1152 3065 1238 3125 esse,

149 3156 188 3215 nt
199 3153 289 3215 reete
304 3148 443 3232 conjicit
457 3142 675 3231 Wowerius.)

421 3294 464 3359 D.
482 3292 706 3375 Hieronymus
721 3294 757 3357 in
771 3291 897 3359 Psalm.
913 3294 967 3359 81.

189 3414 271 3479 Non
303 3419 356 3480 est
387 3410 509 3495 grande
538 3408 650 3474 lacere
686 3410 799 3491 εἰμες
835 3429 910 3473 nam
935 3409 1043 3473 secere
1079 3409 1173 3491 signa
1199 3411 1234 3475 in

149 3518 297 3599 AEgypto
313 3515 406 3597 Magi
432 3519 549 3579 contra
565 3510 722 3595 Moysen,
743 3510 825 3576 iecit
838 3516 872 3575 et
884 3508 1096 3593 Apollonius,
1114 3510 1191 3575 lecit
1201 3516 1234 3575 et

148 3616 324 3700 Apuleius.

341 3732 537 3799 Memnone
553 3733 633 3798 Div.
648 3731 757 3797 instit.
773 3732 831 3796 lib.
845 3747 880 3794 v.
894 3750 968 3816 cap.
978 3730 1011 3795 3.

186 3852 285 3929 Item,
307 3870 383 3916 cum
407 3850 498 3916 iaetu
521 3850 594 3935 ejus
614 3849 805 3913 mirabiliter
826 3835 1019 3924 destrueret,
1040 3864 1100 3909 noo
1121 3851 1231 3910 temon

144 3958 298 4039 negaret,
312 3953 420 4018 voluit
440 3952 611 4017 ostendere
631 3949 847 4034 Apollonium
868 3948 920 4011 vel
944 3948 1040 4030 paria
1055 3946 1106 4010 vel
1128 3946 1230 4010 etiem

143 4056 272 4139 majore
287 4054 419 4119 iecisse.
465 4054 590 4119 Mirum
603 4052 695 4136 quod
709 4050 890 4135 Apuleium
899 4047 1120 4132 pretermisit,
1131 4048 1229 4133 enjus

143 4157 250 4223 solent
262 4157 367 4222 multa
381 4162 413 4221 et
427 4156 511 4221 mua
524 4154 782 4221 commemorari.
