3000 4859
252 373 316 442 102
724 383 880 434 saunari

251 533 321 598 mul
336 550 378 596 ex
392 529 596 614 promtuario
610 528 720 593 oleum
734 527 859 603 unctui,
875 532 928 590 et¹
943 524 1045 590 lintea
1059 523 1175 600 tersui,
1190 528 1223 587 et
1236 529 1345 587 cetera

252 635 348 700 haic²
364 633 472 698 eidem
487 633 562 698 usui
578 629 688 714 profer
699 629 825 706 ociter3
847 635 882 691 et
894 625 1060 708 hospitem
1075 643 1186 690 meum
1201 623 1344 707 produc³

252 737 297 801 ad
311 737 480 820 proximas
500 734 655 798 balneas:
679 729 765 794 satis
778 729 884 792 arduo
898 727 1015 792 itinere
1031 731 1132 810 atque
1146 725 1280 809 prolixo
1295 723 1345 787 la·

125 839 222 956 W
254 839 377 920 ligatus
399 843 459 901 est.
506 835 574 898 His
598 840 682 914 οςο4
704 830 841 908 auditis,
864 849 975 894 mores
989 836 1092 911 atque
1105 825 1346 911 parsimoniam

252 939 460 1004 ratiocinans
485 936 636 1012 Milonis,
659 935 843 1016 volensque
869 951 924 998 me
941 933 1066 997 arctius
1088 932 1121 994 ei
1136 927 1346 1003 conciliare‚⁵

253 1039 360 1118 Nihil,
388 1041 539 1121 inquam,
567 1057 676 1102 rerum
702 1037 854 1114 istamm,
875 1055 953 1119 quae
978 1033 1106 1099 itineris
1131 1031 1257 1114 ubique
1281 1029 1346 1093 rite

252 1140 338 1206 nos⁶
360 1141 583 1215 comitantur:
603 1136 677 1222 [18]
690 1137 887 1218 indigemus.
930 1134 1001 1200 Sed
1024 1142 1060 1199 et
1084 1132 1221 1198 balneas
1248 1129 1347 1195 lacile

251 1243 528 1326 percontabimur.
573 1241 690 1317 Plane,
704 1239 792 1323 qnod
804 1247 857 1302 est
870 1237 951 1302 mihi
965 1256 1093 1302 summe
1109 1234 1346 1319 praecipuum,⁷

251 1364 348 1428 equo,
370 1346 430 1429 qui
444 1361 497 1408 me
513 1349 645 1408 strenue
661 1343 825 1427 pervexit,
846 1340 973 1406 loenum
989 1344 1089 1422 atque
1103 1335 1273 1410 hordeum,
1288 1351 1348 1396 ac·

253 1447 364 1528 ceptis
379 1447 453 1510 istis
468 1445 660 1522 nummulis,
676 1453 722 1522 tu,
739 1445 846 1521 Fotis,
862 1444 976 1510 emito.
1006 1441 1074 1506 His
1086 1439 1185 1514 actis,
1199 1441 1233 1500 et
1246 1436 1347 1499 rebus

252 1549 337 1612 meis
353 1548 385 1612 in
400 1549 459 1611 illo
476 1547 630 1611 'cubiculo
646 1547 803 1623 conditis,
826 1563 966 1630 pergens
989 1544 1063 1628 ipse
1077 1541 1121 1606 ad
1134 1539 1286 1612 balneae,
1307 1540 1348 1600 ut

200 1731 203 1736 Ι
252 1650 345 1734 prins
361 1649 487 1734 aliquid
502 1651 600 1714 nohis
614 1649 765 1714 cibatui⁸
781 1648 1019 1732 prospicerem,
1032 1644 1138 1710 iorum
1152 1638 1347 1724 cupedinis⁹

253 1858 336 1916 titulo,
347 1864 419 1922 cipue
432 1875 479 1910 ssu
496 1863 604 1923 depresso
622 1867 727 1911 aetatem
744 1861 851 1910 esselis
868 1859 1016 1923 promtuaria
1032 1860 1107 1909 ouen
1123 1859 1156 1907 ed
1168 1856 1311 1918 ergarus,
1321 1858 1347 1903 et

251 1923 388 1972 linteamino
399 1927 430 1974 ad
442 1927 588 1987 tergendus,
598 1931 620 1976 et
632 1927 719 1989 reliquo
736 1940 788 1988 psoe
798 1927 830 1974 sd
840 1926 935 1974 andere
946 1939 1012 1973 aran
1026 1927 1142 1986 speetsst,
1150 1927 1174 1970 et
1184 1923 1259 1970 derlee
1268 1931 1347 1967 suerin

251 1986 364 2049 torpuere
375 1990 406 2036 nd
416 1990 526 2050 lherrsue,
537 2005 590 2054 pure
600 1996 654 2039 sest
673 1993 698 2038 is
709 1990 824 2052 postero.
856 1988 971 2047 Defessus
980 1988 1042 2037 enies
1053 1993 1088 2036 est
1098 1988 1138 2035 eia
1148 1985 1207 2035 estis
1216 1986 1242 2033 dr'
1283 1984 1289 1994 ”
1302 1983 1346 2030 'se

251 2051 331 2114 lorge.
367 2051 427 2102 Hor
441 2069 493 2102 esus
503 2055 653 2114 audirheers,
661 2059 773 2116 reputans
782 2053 846 2116 apud
863 2065 901 2099 rse
916 2053 1010 2101 eiresdi
1021 2052 1136 2100 ratim
1146 2055 1169 2099 et
1176 2049 1346 2112 musaeu

252 2115 360 2178 Milonis,
369 2117 506 2181 cupiensque
516 2118 592 2179 erupis
602 2117 717 2167 demereri
731 2117 818 2180 ipsese,
830 2117 914 2176 Nullo,
927 2117 1029 2180 ispasrs,
1039 2130 1071 2165 ar
1082 2113 1196 2174 dandi
1210 2113 1279 2161 redas
1288 2124 1347 2187 epse

251 2178 332 2240 leem,
342 2195 382 2229 eas
397 2182 459 2230 esies
475 2197 562 2231 ererum
574 2188 642 2244 porte
658 2181 683 2230 is
701 2182 808 2231 ausihru
824 2181 883 2230 rseis
900 2179 1147 2242 peregriastiesidm
1162 2179 1218 2241 pris
1234 2191 1278 2239 epo
1294 2187 1346 2238 ipre

251 2245 418 2306 quoquesuer'ie
429 2246 549 2308 exquiram
560 2245 600 2294 uhi
611 2247 707 2296 lterum
719 2244 774 2294 siet
810 2245 855 2305 Ts,
869 2243 946 2303 Fotis,
954 2245 1033 2307 accipe
1042 2245 1102 2292 lesse
1107 2241 1240 2306 prmissa
1249 2248 1272 2290 et
1281 2255 1346 2314 cers:

248 2307 405 2369 mnsoesurs
415 2315 484 2372 ntqee
494 2310 605 2358 tardare
616 2325 666 2360 rsee
677 2323 744 2370 epse,
753 2310 795 2372 psi
802 2309 949 2368 negedorit
957 2313 1007 2358 tssr
1015 2308 1141 2369 puriter:
1157 2306 1226 2366 sajo
1235 2306 1298 2354 esisr
1308 2317 1347 2352 res

248 2370 356 2432 prosectu
368 2373 426 2421 isidi
452 2374 513 2422 rimo
523 2387 579 2421 rura
589 2379 632 2422 eet.
666 2373 715 2422 liis
721 2372 805 2434 sudis,
815 2378 840 2421 et
850 2371 951 2421 accisis
961 2373 1020 2421 seris
1029 2387 1055 2420 re
1098 2372 1104 2384 ’
1115 2370 1170 2420 isis
1180 2371 1221 2419 iile
1230 2367 1345 2428 mare,

249 2449 302 2484 ears
311 2440 432 2497 peterent
498 2451 533 2500 us,
542 2451 568 2487 ee
577 2435 696 2497 adfurum
710 2437 895 2502 rapedissrisss,
903 2441 930 2485 st
946 2437 1012 2486 selis
1019 2451 1086 2500 prise
1099 2433 1245 2499 parium
1259 2437 1289 2484 de
1297 2430 1350 2482 eti·

250 2724 267 2769 9
283 2719 353 2770 Bert.
364 2720 441 2769 erede.
460 2720 624 2771 almeon—r
643 2722 742 2785 copule
751 2721 826 2772 deest
837 2721 905 2772 Edd.
917 2721 1034 2772 Blmenh.
1051 2721 1158 2784 Pricaei,
1168 2719 1275 2783 Floridi,
1285 2721 1344 2770 sine

248 2798 335 2833 censs.
355 2785 467 2830 ond-h
486 2784 549 2832 Hac.
563 2785 622 2834 Ber.
643 2787 690 2836 lio.
710 2786 770 2837 sid.
783 2787 849 2838 Veu.
865 2788 922 2836 ter.
957 2787 1050 2836 Libens
1067 2786 1190 2848 legerius:
1208 2785 1271 2834 trie.
1303 2785 1346 2834 si-

250 2848 310 2894 mile
320 2845 438 2893 mendum
452 2847 543 2895 tollere
552 2849 689 2913 aliqnando
700 2852 786 2900 coristi
802 2865 888 2900 snmus
908 2849 996 2899 Plauti
1009 2850 1192 2900 Meneelrrnis:
1210 2850 1270 2898 ‘Sic
1281 2849 1344 2898 huic

249 2909 327 2958 decet
338 2907 392 2957 dari
412 2908 498 2959 ferere
511 2911 590 2961 verbs
601 2915 701 2962 custodi
720 2924 786 2964 catae
797 2915 812 2963 :'
829 2929 886 2963 cum
899 2914 1002 2980 quidam
1015 2914 1073 2964 libri
1084 2913 1226 2963 haherent:
1244 2913 1287 2962 Sic
1303 2913 1345 2962 aa

244 2975 273 3022 d.
296 2973 356 3022 alil:
373 2972 415 3021 Sir
434 2972 479 3022 llus
496 2977 546 3024 dee.
581 2977 638 3026 Huc
658 2976 726 3027 forte
739 2987 836 3042 prater
856 2993 910 3028 rem
928 2976 1054 3027 videatur.
1086 2977 1148 3038 ded,
1167 2977 1210 3041 qni
1229 2977 1345 3027 studium

249 3045 363 3087 nostrum
375 3038 400 3085 lo
412 3038 461 3086 hoc
472 3039 600 3102 scripture
613 3055 663 3090 uon
675 3043 814 3105 improbar,
825 3041 893 3092 idem
905 3042 985 3092 etism
1004 3056 1051 3092 nos
1071 3041 1096 3090 iu
1116 3043 1211 3091 Plsulo
1227 3041 1344 3106 quando-

249 3115 299 3165 quse
309 3115 367 3150 esse
379 3116 453 3166 aeqrro
462 3103 546 3153 enimc
554 3103 623 3154 feret
635 3121 641 3154 ε
659 3121 734 3171 qrrem
754 3105 803 3155 sihi
815 3107 914 3156 Noster
923 3107 1057 3169 exemplar
1068 3106 1214 3170 proposuit,
1228 3105 1261 3154 sd
1272 3107 1344 3170 qued

247 3165 392 3228 sepissime
401 3167 583 3227 lepidissimam
593 3185 663 3219 suam
673 3171 816 3220 orationem
828 3169 952 3220 formaret
961 3178 988 3219 el
997 3169 1139 3233 effingeret.
1154 3169 1268 3219 Criu-t
1281 3171 1343 3218 Pro·

242 3229 294 3290 ser.
312 3230 362 3279 his.
379 3230 495 3292 proferes.
512 3233 625 3283 Calvina.
659 3235 716 3282 Pal.
733 3234 847 3297 prosam.
880 3235 955 3284 liert.
975 3234 1064 3297 perfer.
1082 3234 1248 3282 nimenta-e
1266 3233 1342 3282 idem

247 3308 312 3354 erpo.
329 3293 442 3345 Celsius.
475 3295 542 3346 lrem
559 3296 645 3348 Oxou.
672 3297 708 3347 Ar
719 3298 811 3348 millies
821 3311 865 3360 ego
876 3298 1009 3348 interserit
1019 3296 1125 3347 ductor.
1145 3298 1258 3346 Ouid-o
1276 3297 1342 3347 Fax.

247 3359 369 3422 eolesrpse
378 3361 456 3409 errius
466 3361 489 3410 ei
499 3361 631 3411 mulieri:
650 3369 677 3412 et
688 3377 746 3410 snos
759 3378 781 3412 r.
792 3362 896 3412 illersrs.
908 3361 999 3410 lu.-u
1010 3361 1042 3410 lt.
1053 3361 1092 3412 sd.
1103 3376 1153 3411 sos.
1172 3361 1214 3411 llo
1232 3368 1260 3410 et
1268 3361 1342 3412 Bert.

246 3421 265 3470 i.
277 3437 301 3471 a.
313 3423 360 3472 rite
370 3438 421 3484 sss,
431 3425 506 3474 hene.
523 3426 688 3476 illusum-i
707 3427 774 3476 Fur.
784 3440 898 3476 manure
915 3425 1066 3490 principissa
1099 3424 1138 3474 At
1155 3425 1182 3474 iu
1201 3376 1248 3475 uh.
1261 3425 1339 3477 Aldir

246 3499 333 3536 samm
350 3487 502 3552 principiam.
539 3489 592 3552 Ego
604 3505 665 3542 rere
685 3504 788 3552 censeo,
803 3489 831 3540 ed
851 3503 964 3539 πωπω
980 3492 1062 3551 magis
1073 3503 1164 3553 sapere
1186 3488 1219 3538 sd
1237 3490 1342 3553 genium

248 3547 399 3612 Aprileii,et
410 3552 499 3616 rejicio
509 3554 662 3616 precipuum,
682 3562 710 3602 ut
723 3555 840 3616 glossam.
859 3554 944 3603 Ronid.
977 3553 1073 3604 Summe
1088 3553 1240 3618 praeciperes.
1265 3555 1341 3604 Rosa.

246 3613 431 3725 weipiars.
470 3615 601 3665 Ronldus:
621 3632 736 3668 summum
753 3617 903 3681 principissa.
921 3618 1087 3668 filmera-ti
1104 3619 1168 3667 Fax.
1178 3623 1206 3666 et
1219 3633 1245 3680 p.
1255 3617 1342 3667 cibarii

295 3677 300 3688 “
323 3677 410 3739 slipen.
444 3679 514 3728 Pirh.
526 3680 637 3730 mars.
672 3680 729 3731 Nec
739 3683 807 3730 male
818 3681 908 3731 eidam
918 3684 999 3746 legas.
1012 3681 1123 3735 ord—s
1140 3682 1192 3732 lis.
1205 3681 1341 3745 Cupidinis.

739 3822 846 3874 NOTAE

278 3949 288 3974 ¹
305 3941 403 4004 nerea,
412 3958 465 4006 psa
475 3943 570 3996 itineris
579 3945 664 4010 shipse
673 3948 720 3998 rite
730 3963 773 3997 see
812 3948 878 3998 cato
889 3948 1027 3998 Censorius
1038 3947 1173 4000 eantherio
1191 3948 1343 4012 rehehstur,

245 4015 398 4080 ormenae]
415 4017 533 4070 Gestat·
549 4021 667 4071 nimirum
679 4022 704 4072 in
716 4022 771 4088 hip·
811 4032 840 4074 et
860 4022 1010 4087 hippoperis
1030 4023 1135 4088 quidem
1157 4024 1297 4090 inpositis,
1309 4035 1340 4079 nt

246 4091 359 4153 peperis,
383 4101 449 4144 nts
475 4096 582 4159 prosldo
604 4099 702 4147 viatore
724 4112 772 4162 par
811 4098 1127 4164 secnmutllispcrtsret.'

247 4169 310 4214 eret.
342 4165 440 4217 Seneca
459 4169 542 4233 Epist.
564 4184 689 4222 auxen.
704 4174 713 4202 ‘
731 4173 770 4222 hl.
