3000 4859
563 430 717 481 tantan
742 428 842 483 vrrs.
1208 412 1250 483 ll

154 568 375 640 doctissimus
397 575 461 641 Vir
488 576 627 641 Fulvius
661 576 805 642 Ursinus
834 578 1024 660 expressit:
1057 594 1249 662 quanquam

154 676 284 741 illarum
307 677 408 741 iidem
427 682 551 742 certam
574 678 759 759 probarunt
779 678 918 761 Apuleii
939 686 1166 755 accusatores,
1191 678 1249 760 qni

156 778 270 841 vultus
284 778 533 855 liberalitatem,
542 779 685 861 capillos
696 778 872 857 delicatos,
881 787 985 862 atque
996 780 1038 844 ud
1050 780 1250 863 lenocinium

156 878 287 942 decoris
301 880 500 962 promissos,
518 879 725 963 nimiumque
740 879 825 944 adeo
840 880 1074 946 munditiarum
1089 881 1249 957 studium,

157 988 314 1063 tanquam
339 982 490 1057 crimina,
505 980 742 1046 intenderunt:
767 1000 908 1064 quorum
931 981 1014 1045 nihil
1036 981 1207 1047 fastidiose
1230 1002 1252 1047 n

157 1098 192 1145 se
207 1082 334 1164 speruit
348 1080 544 1165 Apuleius3
571 1081 631 1145 sad
654 1089 855 1165 pervenusta
877 1090 914 1145 et
939 1082 1081 1165 eleganti
1103 1084 1251 1148 oratione

156 1182 274 1247 isthaec
297 1183 412 1246 omnia
441 1192 634 1264 competere
670 1180 882 1265 Philosopho
904 1183 1064 1247 ostendit.
1106 1182 1151 1246 Et
1176 1202 1252 1247 vere

157 1283 295 1369 quidem
310 1285 512 1349 conveniens
526 1283 743 1367 Philosopho,
757 1284 841 1350 nihil
861 1284 897 1347 in
911 1304 949 1348 se
967 1283 1151 1361 sordidum,
1168 1279 1253 1348 nihil

156 1386 360 1451 immundum
377 1386 460 1469 pati,
476 1386 576 1469 plane
590 1384 689 1449 etiam
704 1384 896 1463 absurdum,
910 1390 945 1450 et
952 1386 996 1451 ab
1009 1386 1101 1449 omni
1121 1385 1252 1451 ratione

158 1488 315 1565 alienum,
330 1495 368 1551 ut
382 1488 423 1565 is,
443 1486 500 1569 qni
515 1486 668 1552 coelestia
690 1492 723 1551 et
745 1494 872 1553 aeterna
888 1489 1141 1571 contemplatur,
1156 1506 1253 1572 spur·

157 1610 218 1655 cus
241 1597 276 1655 et
296 1590 450 1673 pollutus
475 1590 618 1665 incedat,
639 1608 725 1672 pura
750 1593 785 1653 et
809 1590 998 1673 incorrupta
1023 1591 1252 1657 attmctatione

157 1694 332 1759 maculosa
346 1693 556 1758 contaminet.
602 1692 824 1777 Ingaunorum
842 1694 964 1758 artium
985 1693 1107 1759 studiis
1121 1714 1253 1779 semper

158 1795 302 1875 deditus,
334 1814 450 1859 earum
479 1792 573 1859 cultu
594 1814 723 1859 omnem
756 1800 890 1860 aetatem
918 1796 1089 1877 transegit.
1129 1795 1253 1862 Primis

158 1898 310 1980 pueritia
324 1897 422 1962 annis
437 1896 547 1960 sedem
563 1916 604 1961 ac
618 1896 812 1979 magistrum
823 1896 1010 1961 studiorum·
1019 1896 1252 1979 carthaginem

154 1998 284 2077 hahuit,
293 2015 393 2081 quam
407 2003 530 2080 postea
552 1994 704 2062 Athenas
718 1998 899 2063 transtulit.
943 1996 1026 2062 Inde
1041 1996 1251 2080 Carthagini·

157 2118 256 2165 enses
275 2104 429 2185 parentes
450 2118 533 2165 suos
555 2119 596 2164 ae
620 2099 745 2182 primos
768 2100 945 2181 magistros
967 2100 1124 2164 celebrat
1168 2098 1252 2164 Inde

157 2200 326 2282 gloriatur,
335 2220 372 2264 se
388 2200 457 2265 illis
472 2204 551 2265 ‘uec
563 2200 632 2264 lare
641 2198 868 2277 alienum,nec
878 2201 1022 2284 pueritia
1032 2202 1253 2279 invisitatum,

156 2316 219 2366 nec
233 2302 402 2385 magistris
416 2302 637 2385 peregrinum,
652 2321 715 2367 nac
738 2310 834 2366 secta
855 2302 1070 2383 incognitum,
1092 2322 1154 2367 nec
1169 2320 1254 2367 voce

156 2403 353 2482 inauditum,
367 2424 428 2469 nec
442 2405 537 2469 libris
551 2404 723 2484 illectum
745 2409 869 2468 sectam
884 2403 1026 2469 Athenis
1035 2402 1163 2469 Atticis
1173 2423 1254 2469 oon-

156 2504 346 2585 firmatam‚'
368 2506 558 2589 Carthagini
571 2526 649 2571 vero
671 2501 909 2570 ‘inchoatam'
953 2504 1142 2571 Platonicae
1164 2508 1255 2572 euim

156 2607 296 2675 familia
321 2626 442 2672 nomen
457 2608 558 2685 dedit,
583 2610 682 2692 eique
701 2608 824 2672 divinae
847 2612 949 2672 sectae
975 2628 1014 2671 se
1035 2609 1254 2693 bansedpsit,

156 2728 260 2792 quam
276 2709 437 2793 praeclare
460 2710 585 2793 ingenii
603 2707 823 2774 monumentis
843 2709 1029 2787 exornavit,
1050 2716 1099 2787 nt,
1118 2710 1171 2774 vel
1180 2711 1255 2794 jme

159 2811 308 2893 quodam
323 2810 506 2894 Praecipui,
516 2810 726 2875 Platonicus.
771 2806 878 2875 Petiit
891 2810 1011 2875 deinde
1024 2810 1180 2890 Romam,
1194 2812 1256 2875 nbi

159 2913 310 2978 ‘advena
319 2913 507 2978 studiorum
519 2912 727 2992 Quiritium,'
741 2914 789 2978 ita
803 2915 888 2978 enim
903 2914 1030 2991 scribit,
1042 2918 1053 2948 ‘
1063 2913 1256 2996 indigenum

160 3034 357 3092 sermonem,
372 3015 465 3079 nullo
477 3014 643 3098 Magistro
659 3020 843 3098 praeeunte,
857 3013 1029 3079 excoluit!
1049 3014 1132 3079 Eum
1146 3020 1257 3079 tamen

159 3118 315 3199 peritiam
327 3117 468 3199 lingum
487 3117 619 3182 Latinae
635 3126 669 3183 et
691 3118 713 3183 J
717 3120 783 3182 uris
799 3115 984 3196 Quiritium
1004 3121 1180 3181 associum
1194 3124 1256 3195 est,

158 3224 197 3283 ut
207 3236 383 3283 causarum
398 3225 577 3301 patronum
592 3229 715 3301 ageret,
731 3226 767 3283 et
777 3219 946 3302 stipendio
961 3217 1087 3283 forensi
1100 3224 1256 3285 mereret.

160 3318 272 3397 Unde,
288 3340 363 3385 oum
379 3322 482 3386 sacris
505 3319 704 3405 desponsus,
727 3329 761 3387 et
781 3322 942 3386 tenuitate
962 3320 1142 3404 impeditus
1156 3326 1258 3398 esset,

154 3423 340 3505 quominus
376 3423 419 3488 iis
449 3423 643 3501 traderetur,
671 3424 736 3487 hcc
767 3422 880 3487 studio
901 3421 1102 3485 sufficientes
1131 3422 1258 3485 sumtui

157 3542 314 3588 nummos
335 3525 526 3607 aequisivit
571 3524 671 3600 Nam,
688 3523 750 3588 elsi
765 3519 912 3604 Apuleio
926 3527 963 3584 et
982 3519 1076 3585 fratri
1092 3521 1257 3588 cohaeredi

159 3626 316 3691 relictum
338 3644 359 3689 a
385 3631 478 3709 patre
502 3626 576 3691 HS.
602 3626 720 3702 vicies,
737 3629 848 3690 manen
861 3623 1056 3707 patrimonii
1080 3623 1169 3688 vires
1195 3624 1257 3689 im·

159 3746 279 3811 pensae
292 3728 583 3810 peregrinationes,
597 3730 722 3793 orehrae
736 3726 968 3803 liberalitates,
981 3733 1018 3790 et
1038 3726 1168 3791 diutina
1187 3735 1259 3790 stn-

160 3830 219 3895 dia
232 3849 300 3893 non
315 3848 432 3914 purum
448 3830 652 3908 attriverant,
667 3850 731 3895 nec
746 3835 876 3894 veretur
884 3828 918 3892 in
926 3846 1085 3893 consessu
1096 3828 1118 3893 J
1120 3827 1258 3893 udioum

162 3940 198 3997 et
218 3932 411 4015 frequentia
425 3931 613 3998 auditorum
633 3932 783 3996 animose
800 3931 932 3995 dicere:
956 3927 1174 3992 ‘Amicorum
1187 3929 1258 4012 ple·

161 4034 277 4117 risque
291 4053 393 4120 opem
408 4034 483 4113 tuli,
498 4039 534 4098 et
552 4032 718 4115 magistris
732 4031 886 4116 plurimis
900 4030 1037 4111 gratiam
1049 4028 1159 4106 retuli,
1171 4046 1257 4113 quo·

161 4136 303 4203 raedam
325 4137 426 4201 etiam
447 4137 536 4203 tiliae
558 4135 638 4200 dote
660 4135 765 4213 auxi3
787 4130 1002 4228 nequeenim
1032 4129 1257 4211 dubitassem,

162 4240 216 4304 vel
229 4238 417 4304 universum
428 4237 663 4324 patrimonium
672 4235 870 4322 impendere,
884 4240 924 4299 ut
938 4234 1158 4317 acquirerem,
1170 4236 1261 4318 quod
