3000 4859
472 383 831 432 uucsuonrnosnon
858 383 930 433 usn.
952 385 984 447 v,
1213 367 1278 433 357

181 521 320 600 lactens,
345 543 516 608 genasque
538 544 723 609 purpureas
746 531 955 609 pererrantes
980 525 1120 590 erinium
1144 525 1276 607 globos,

183 622 373 687 decoriter⁴
383 625 573 708 impeditos
588 625 675 690 alins
689 626 947 709 antependnlos,
963 625 1049 690 alios
1060 625 1277 710 retropendu·

182 721 255 788 los:
284 743 424 808 quornm
444 726 618 809 splendore
635 728 760 792 uimio⁵
781 725 981 809 fulgurante,
997 725 1072 810 jum
1086 731 1120 790 et
1142 725 1279 809 ipsum⁶

182 825 295 890 lumen
324 827 469 892 lucernae
497 827 705 892 vacillabat.⁷
758 827 826 891 Per
852 828 1006 890 humeros
1035 825 1183 891 volatilis
1213 827 1279 892 Dei

183 927 317 1010 pinnoe⁸
332 929 475 993 roscidae
490 928 648 993 micenti⁹
667 928 752 992 flore
767 927 962 1008 candiceut3
978 937 1012 992 et
1026 927 1178 1010 quemvis
1194 927 1279 992 nlis¹

183 1029 447 1110 quiescentibus,
470 1029 627 1094 extimae²
648 1030 810 1114 plumulae
828 1029 959 1094 tenellae
974 1048 1016 1093 eo
1031 1027 1196 1105 delicetae,
1212 1036 1279 1094 tre·

182 1131 271 1195 mule
287 1148 288 1151 ’
303 1131 393 1210 [lod]
421 1132 636 1209 resultantes,
664 1134 842 1216 inquieto³
873 1131 1065 1196 lasciviunt.
1120 1130 1280 1198 Cetemm

183 1251 305 1316 corpus
326 1233 516 1315 globellum,
545 1241 647 1318 atque
675 1234 887 1311 luculentum,
916 1239 951 1297 et
977 1232 1079 1316 quale
1105 1232 1279 1315 peperisse

182 1331 347 1398 Venerem
358 1353 425 1398 non
440 1338 626 1418 poeniteret.
669 1334 759 1400 Ante
773 1335 885 1400 lectuli
900 1333 1004 1417 pedes
1011 1333 1153 1416 jacebat
1163 1352 1278 1411 arcus,

183 1441 218 1498 et
245 1436 405 1518 pheretro,
429 1443 462 1500 et
484 1438 628 1521 sugittae,
653 1437 764 1520 magni
790 1437 855 1501 Dei
880 1434 1028 1520 propitio
1056 1433 1146 1498 telo.c
1189 1432 1278 1511 Quin

180 1642 223 1690 per
233 1630 293 1677 cndu
302 1629 402 1679 condida
412 1631 489 1680 imur
501 1631 580 1691 metis,
590 1635 613 1678 et
623 1644 666 1691 per
675 1632 750 1679 erolus
758 1642 845 1690 roseos,
855 1632 950 1678 omeste
960 1627 1100 1690 implicatos,
1115 1626 1175 1676 ulios
1191 1627 1277 1688 depes·

182 1693 262 1740 dentes
276 1694 451 1742 inusterisrens
467 1700 560 1757 purtem
574 1694 668 1756 cupitis,
687 1695 746 1742 olim
763 1695 789 1741 tn
802 1693 971 1756 posteriorem:
988 1705 1084 1754 quorem
1100 1689 1277 1750 nimiofulgors

181 1762 329 1832 munte,
339 1757 393 1818 ipen
407 1773 495 1834 quoque
510 1759 552 1833 lux
568 1755 839 1832 tumpudtsjluetuqttut.
872 1757 902 1803 In
918 1755 1018 1817 scopulis
1034 1754 1130 1829 entnttci
1146 1754 1210 1802 iltius
1228 1751 1276 1802 net

179 1833 264 1932 u:
275 1821 483 1946 ente
499 1820 891 1882 f..
907 1824 1018 1930 nm

181 1961 264 2009 eorpus
271 1950 357 2011 deptte,
368 1955 391 1998 et
396 1950 537 2011 formosum,
546 1954 571 1998 et
581 1950 649 2010 qsute
659 1963 705 1996 sos
712 1949 837 2010 peniteret
850 1946 962 1998 Venerem
973 1959 1022 1994 esse
1033 1944 1135 1993 minum.
1157 1944 1197 1992 Au
1207 1945 1277 2006 pedet

183 2012 232 2060 tori
240 2027 316 2077 arces,
326 2020 349 2062 et
356 2014 479 2076 ptoretru,
488 2019 512 2063 et
521 2012 742 2074 ngtrtaejaeetnnq
754 2026 820 2060 arms
830 2010 932 2071 designo
940 2009 1045 2073 potestis
1055 2008 1120 2056 tilius
1132 2008 1187 2057 Dst.
1215 2006 1276 2061 Qua

184 2253 343 2302 fluente-t
360 2254 569 2304 Pundeeordtter.
587 2251 705 2303 ond-⁷·
723 2251 828 2300 Fulvius
839 2251 991 2314 conjecturs
1002 2247 1275 2312 ductusleqitmisio.
1294 2243 1296 2248 ’

182 2317 289 2379 Seicpp.
310 2317 337 2365 in
354 2318 443 2380 Symb.
476 2318 556 2367 lstsm
579 2316 666 2365 Ursini
685 2317 861 2377 conjecturam
883 2315 947 2364 satis
960 2315 1016 2378 jum
1035 2311 1130 2362 refellit
1149 2312 1275 2361 Pricaeus.

184 2383 192 2408 ‘
204 2381 228 2430 N
232 2379 323 2428 imius'
341 2381 438 2430 Nostro
448 2381 595 2430 sexcenties
606 2381 714 2443 aliisque
723 2387 774 2441 est,
786 2393 908 2442 perquem
920 2379 1052 2428 maximus.
1075 2377 1141 2426 Vide
1153 2375 1281 2435 ludicen,

185 2453 213 2493 et
224 2445 296 2493 Prie.
308 2458 340 2493 sc
350 2445 368 2493 l.
378 2459 417 2495 ιν.
428 2461 454 2508 p.
464 2449 504 2495 dt.
521 2445 565 2494 lib.
578 2459 605 2493 x·
616 2461 643 2508 p.
654 2448 711 2493 tm.
729 2444 818 2492 Burm.
829 2444 861 2492 ad
874 2445 970 2492 Lucan.
980 2441 997 2492 l.
1008 2455 1046 2491 ιν.
1059 2456 1095 2491 vs.
1106 2444 1163 2490 696.
1182 2441 1280 2489 Oude-

185 2507 613 2571 strenuissimum
632 2508 755 2557 Rosldns.
788 2507 1040 2568 monetamque
1056 2505 1175 2553 Elmenlr.
1208 2503 1281 2552 lliuc

184 2571 230 2632 lile
241 2585 300 2620 cnm
311 2573 440 2622 Scriverio
451 2579 479 2622 et
490 2573 593 2621 Florido
604 2572 688 2630 dedit,
705 2573 778 2620 etium
786 2571 871 2633 iprum.
905 2568 955 2619 Sed
974 2568 1170 2619 metensium
1192 2567 1279 2615 Oxou.

185 2635 272 2685 Pelet.
284 2635 372 2686 Goeif.
385 2653 424 2701 pr.
436 2637 532 2687 hubent
543 2651 654 2700 quoqne,
663 2636 717 2697 jum
727 2642 750 2683 et
762 2636 847 2698 iprum.
882 2633 970 2695 Quod,
992 2642 1020 2681 ut
1032 2631 1176 2694 elegantius
1187 2638 1214 2679 et
1225 2627 1281 2680 effi·

185 2701 282 2758 cseinr,
293 2701 386 2749 excudi
405 2702 503 2751 cursui.
537 2701 597 2749 llne
608 2698 672 2748 t'acit
683 2707 711 2748 et
723 2699 794 2748 Pisis.
806 2699 871 2749 Cod.
883 2699 972 2758 lectio,
982 2696 1160 2758 sulgsmntens:
1179 2708 1212 2742 ex
1229 2707 1280 2758 quo

179 2763 322 2824 jussellum
334 2766 424 2814 atterit
435 2766 545 2814 salmes.
564 2766 674 2814 ord—t
692 2763 752 2812 Psl.
764 2765 829 2813 Fur.
846 2760 935 2813 Gunelt'.
946 2775 1003 2810 am.
1016 2775 1056 2823 pr.
1068 2757 1186 2808 doceittcb.
1204 2757 1281 2806 ld.-

185 2831 202 2875 8
221 2828 307 2877 Pesnoe
322 2827 411 2880 Gneti.
430 2845 469 2892 pr.
481 2844 496 2878 e
508 2843 541 2877 nr.
559 2843 598 2890 pr.
610 2828 698 2878 Orco.
714 2842 797 2890 penna
808 2828 899 2877 rorirtoe.
916 2825 1005 2875 ld-rt
1022 2825 1091 2874 Flor.
1101 2823 1220 2872 mtcmtes.
1237 2821 1281 2872 El·

186 2893 270 2943 menis.
303 2893 486 2942 Micnntanx.
513 2893 616 2941 mtcnsdt
628 2893 699 2942 Pith.
718 2892 829 2940 Oret-l
848 2891 943 2954 inepte
962 2886 1050 2939 oneri.
1067 2903 1121 2938 sec.
1141 2886 1199 2936 Psi.
1211 2884 1282 2934 nlius.

187 2955 257 3005 Pittr.
271 2955 332 3004 Fux.
353 2957 402 3004 Ed.
420 2957 522 3006 Vicent.
540 2956 604 3004 ultis.
622 2956 710 3005 lde-2
727 2955 801 3004 Bert.
819 2961 938 3004 extremes.
955 2953 1074 3002 Elmenh.
1107 2951 1174 3002 ltern
1192 2949 1281 2999 Pelet.

186 3018 274 3068 (lueis.
286 3034 338 3068 sec.
350 3020 445 3069 Prote.
458 3018 546 3069 Guelf.
558 3021 631 3082 prim.
657 3019 762 3080 exim,
773 3026 801 3067 ut
813 3018 881 3082 npnd
893 3018 1040 3077 Boestinm,
1051 3013 1096 3064 sed
1109 3015 1136 3064 iu
1147 3027 1229 3076 mnrg.
1240 3027 1282 3061 ex·

185 3083 271 3131 stim.
304 3083 505 3133 TuminOxou.
521 3081 611 3133 Guelf.
627 3096 667 3145 pr.
679 3082 807 3193 filiaeue
841 3082 904 3130 Mox
924 3081 1009 3130 Oson.
1025 3078 1114 3128 Guelt'.
1134 3091 1247 3141 pram.
1258 3091 1280 3126 s.

186 3150 279 3195 tersere.
313 3146 379 3195 Edd.
390 3147 450 3195 Ber.
461 3147 545 3195 Colin.
557 3147 617 3196 Bos.
630 3161 670 3209 pr.
704 3147 899 3194 ocuttremuloe.
931 3142 1104 3192 Minnsbene.
1119 3138 1283 3189 ond—811·

186 3211 280 3272 quieta.
305 3210 370 3260 ltux.
386 3209 500 3272 inquiete.
533 3209 594 3257 Ald.
613 3209 700 3270 quiete.
733 3209 791 3272 Ego
812 3209 922 3270 inquiete.
940 3207 1062 3256 Rouldos.
1098 3205 1184 3260 Quiete
1203 3203 1281 3251 etism

186 3273 262 3325 Junt.
273 3288 312 3337 pr.
323 3275 427 3337 inquieto
437 3272 525 3322 Grrelf.
537 3288 589 3321 sec.
600 3273 710 3334 inquiete
719 3278 761 3320 est
771 3271 796 3319 in
809 3271 876 3319 Edd.
888 3273 951 3318 Ber.
963 3273 1025 3320 Bes.
1047 3281 1086 3332 pr.
1106 3269 1198 3318 Bocst.
1229 3265 1282 3315 Sed

187 3339 285 3401 optime
297 3339 363 3387 For.
376 3337 445 3387 Pitir.
457 3335 546 3387 Guelf.
560 3352 600 3399 pr.
612 3347 638 3383 et
650 3336 736 3384 Polnt.
746 3335 865 3398 prebent
873 3334 978 3398 inquieto
985 3350 995 3392 ,·
1012 3340 1090 3394 stqne
1102 3332 1139 3380 its
1155 3331 1211 3393 jum
1222 3344 1282 3394 pro·

186 3409 239 3452 stst
251 3403 277 3452 in
288 3403 337 3452 Ed.
348 3401 422 3453 Just.
433 3409 501 3464 post.
534 3399 725 3449 Aduerbioliter
741 3407 782 3449 est
803 3412 889 3448 rursus
904 3399 1015 3463 positum
1034 3394 1202 3458 Adjectivnrn
1220 3407 1282 3444 neu·

681 3553 789 3605 NOTAE

219 3672 232 3705 't
252 3672 378 3722 ssimi«
398 3669 560 3733 temulentum]
584 3669 628 3719 Sic
648 3668 715 3718 Solis
787 3666 947 3729 ‘meguuines
955 3661 1283 3729 propitiaretnhtpudoet·

187 3761 267 3811 equos
285 3748 397 3798 Ovidius
414 3748 481 3797 libro
499 3739 612 3795 secundo
629 3745 715 3794 Metu·
754 3744 816 3792 llum
828 3744 846 3790 l.
857 3755 896 3792 vr.
922 3741 998 3791 Noct.
1010 3740 1093 3789 Attio.
1104 3753 1128 3788 c.
1138 3744 1163 3786 s.
1175 3734 1284 3785 Alfenus

187 3822 314 3887 morphoe.
333 3821 398 3872 t'scit
412 3821 565 3870 ‘umbrosius
580 3834 659 3869 succo
675 3834 714 3869 ss·
754 3817 974 3870 Jnrlsconsnltns:
1001 3815 1093 3864 ‘Sicut
1122 3825 1215 3861 uorum
1237 3823 1283 3860 uo·

188 3897 277 3948 turos!
306 3896 444 3962 Ἀμὸρόσιος
454 3896 604 3945 immortalis
615 3901 670 3955 est;
686 3901 715 3945 et
755 3891 857 3950 vitium,
872 3889 981 3938 dicimos
1002 3895 1030 3938 et
1049 3888 1181 3952 proprium
1198 3884 1286 3948 propi·

186 3977 195 4004 ⁴
216 3972 359 4025 umbrosis'
375 3975 457 4038 liquor
479 3972 593 4020 Deorum
613 3969 714 4019 immor·
756 3968 835 4027 tlnm;
852 3971 1035 4028 superestque
1050 3961 1185 4010 intendere
1197 3959 1285 4008 voleu-

187 4047 276 4100 tslium
288 4047 384 4111 pabulo
393 4044 538 4106 adhibitos,
555 4045 715 4094 ‘temulente
756 4051 796 4094 tes
815 4041 904 4092 ‘novi’
922 4047 951 4090 et
968 4039 1084 4104 ‘proprii
1100 4035 1284 4099 'significatio-

188 4123 316 4173 ambrosis
334 4121 469 4172 cesaries’
485 4128 526 4171 est
542 4120 668 4185 ejusmodi
684 4120 714 4170 li·
755 4116 830 4168 nem!
870 4116 977 4166 Utinsrn
995 4113 1097 4178 aliquod
1118 4111 1187 4162 eliud
1211 4111 1284 4161 testi-

187 4204 361 4265 qnnreunctr.
754 4194 864 4245 monium
886 4206 941 4258 pru
962 4189 1283 4252 munitissimumque
