3000 4859
397 832 439 872 ω
576 796 950 889 APULEII

281 1020 523 1127 VITA
596 1024 711 1127 ET
785 1024 1252 1146 SCRIPTA,

534 1296 620 1373 EX
661 1297 1002 1375 WOWERIO·

632 1556 915 1571 m-

631 1574 915 1594 ψ

228 1732 285 1821 M
288 1774 461 1836 Annuus,
477 1757 599 1824 civitas
610 1754 747 1833 Africae,
762 1755 797 1818 in
822 1753 992 1823 Numidiae
1014 1763 1049 1821 et
1062 1756 1224 1824 Goetuliae
1239 1777 1320 1823 eon.

138 1860 140 1863 ’
226 1862 308 1926 finio
324 1860 401 1939 situ,
423 1859 586 1944 oppidum
607 1856 785 1941 Syphacis,
801 1875 908 1939 eoque
930 1859 1025 1922 victo
1041 1858 1239 1925 Masinissae
1251 1857 1321 1923 Re·

227 1962 292 2043 gis,
307 1982 440 2027 munere
454 1981 536 2046 pop.
551 1960 596 2025 R.
610 1965 646 2023 et
659 1957 901 2023 Veteranorum
915 1960 1056 2024 militum
1076 1978 1167 2024 novo
1182 1959 1321 2025 conditu

229 2058 654 2145 splendidissimacolonia.
677 2058 766 2123 Haec
776 2059 816 2123 L.
825 2056 1009 2141 Apuleium
1019 2061 1110 2126 claro
1119 2062 1197 2126 loco
1213 2066 1320 2125 ortum

228 2166 339 2247 patria
366 2164 510 2247 excepit.
554 2161 657 2226 Patre
691 2164 822 2243 genitus
858 2168 912 2226 est
940 2162 1073 2228 Theseo
1098 2162 1322 2237 Donmvirali,

194 2280 200 2285 ·
229 2265 372 2348 aliisque
401 2264 582 2330 honoribus
613 2262 811 2345 perfuncto:
843 2268 949 2327 mater
977 2264 1028 2326 illi
1053 2264 1191 2343 Salvia;
1224 2265 1322 2347 cujus

230 2366 324 2449 origo
339 2384 363 2429 a
377 2364 557 2429 Plutarcho
570 2370 605 2426 et
618 2362 726 2427 Sexto
738 2362 963 2446 Philosopho,
975 2365 1049 2449 ejus
1064 2369 1196 2448 nepote,
1210 2385 1323 2430 mana·

228 2466 289 2531 rit.
306 2464 445 2530 Natalis
460 2484 538 2530 vero
556 2464 735 2529 Hadriano
751 2464 934 2548 imperante
949 2467 1106 2531 incidisse
1120 2466 1266 2546 ridetur3
1289 2473 1325 2531 et

230 2566 366 2649 quidem
379 2574 549 2650 postremo
563 2566 653 2631 illius
669 2567 799 2650 imperii
810 2575 969 2650 tempore,
985 2570 1119 2633 sirecte
1135 2569 1324 2649 colligimus

231 2672 355 2733 aetates
375 2668 635 2732 clarissimorum
660 2666 819 2731 Virorum
848 2688 989 2752 quorum
1018 2670 1177 2733 meminit.
1222 2669 1325 2733 Lollii

232 2768 362 2846 Urbici,
385 2768 427 2833 el.
442 2767 528 2845 Viri,
550 2766 705 2832 Praeleeti
722 2768 835 2846 Urbis,
850 2771 1040 2836 testimonio
1063 2772 1096 2835 in
1117 2771 1250 2856 judicio
1264 2770 1325 2834 niti

233 2876 391 2934 conatur:
427 2886 498 2950 quo
519 2869 629 2949 legato
651 2866 860 2933 Antoninum
882 2870 982 2935 Pium
1005 2873 1187 2937 Britannos
1215 2872 1326 2936 debel-

231 2971 321 3035 lasse
336 2968 545 3052 Capitolinus
561 2969 671 3035 tradit·
714 2970 903 3034 Lollianum
918 2990 1053 3055 qnoque
1064 2970 1202 3038 Avitum
1225 2974 1268 3035 cl.
1280 2972 1325 3037 V.

231 3073 268 3136 in
294 3070 464 3155 Apologia
484 3071 528 3135 sd
550 3072 775 3136 testimonium
800 3080 913 3151 vocat,
940 3093 1038 3156 quem
1060 3075 1124 3138 snb
1154 3071 1325 3137 Antonino

234 3172 455 3256 Philosopbo,
469 3179 502 3237 et
520 3172 559 3237 L.
575 3171 713 3238 Aurelio
727 3174 818 3239 Vero
841 3174 1010 3259 Bithyniae
1026 3174 1205 3258 praefuisse
1221 3194 1328 3257 appu-

232 3279 283 3339 ret
296 3293 340 3339 ex
356 3274 494 3357 Ulpian.
505 3275 566 3340 l.r.
579 3274 622 3358 de
639 3276 761 3341 Decur.
794 3276 988 3360 Scipionem
1004 3275 1191 3359 Orpbitum,
1202 3276 1329 3341 Africoe

235 3376 490 3455 Proconsulem,
505 3377 712 3440 memoratio
722 3377 880 3454 Floridis,
896 3397 995 3461 quem
1009 3378 1097 3442 idem
1112 3377 1329 3462 Capitolinus

236 3476 438 3543 Praefectum
456 3478 560 3543 Urbis
586 3478 629 3542 D.
647 3478 711 3541 Pio
723 3479 921 3562 imperante,
936 3487 969 3543 et
981 3498 1062 3543 mox
1076 3481 1139 3544 sub
1157 3479 1329 3544 Antonino

238 3578 448 3661 Philosopbo
463 3580 539 3643 aliis
560 3580 743 3643 honoribus
765 3586 898 3645 auctum
913 3589 1033 3646 narrat.
1077 3582 1131 3645 Ex
1144 3581 1277 3665 quibus,
1292 3590 1332 3644 ut

237 3682 272 3747 in
293 3700 329 3743 re
351 3683 452 3756 clara,
474 3700 622 3745 asserere
645 3682 727 3746 licet
743 3681 926 3765 Apuleium
948 3684 1157 3766 temporibus
1173 3681 1331 3746 Antonini

238 3783 294 3847 Pii
306 3782 529 3864 Diuorumque
545 3781 695 3847 Fratrum
710 3783 850 3848 vixisse.
866 3784 999 3849 Decora
1008 3785 1054 3848 illi
1068 3792 1103 3849 et
1111 3786 1245 3867 elegans
1258 3802 1332 3847 cor-

239 3882 644 3971 porisspeeies,utetiem
657 3885 775 3949 sineri
792 3886 972 3949 carminum
987 3904 1055 3949 non
1069 3887 1180 3949 solum
1195 3884 1333 3950 Puden·

240 3988 344 4051 tillem
359 4006 464 4069 prope
473 3986 545 4070 jam
555 3985 651 4051 tloris
665 3988 815 4064 extincti,
827 3986 888 4050 sed
906 3986 961 4051 vel
976 3985 1170 4069 Penelopen
1182 3987 1225 4051 ad
1240 4006 1333 4051 umo-

239 4108 309 4154 rem
319 4090 371 4154 sni
387 4089 545 4153 inducere
559 4090 738 4173 potuisset,
749 4090 778 4153 si
795 4094 983 4173 quatamen
998 4088 1180 4153 auctoritas
1196 4088 1333 4164 tabulis,

241 4188 362 4272 quibus
377 4190 536 4272 imagines
545 4190 702 4256 Virorum
709 4189 895 4255 Illustrium
906 4209 949 4254 ex
961 4188 1107 4272 antiquis
1116 4191 1334 4255 monumentis
